@article{polyak1987introduction,
  title={Introduction to optimization},
  author={Polyak, Boris T},
  year={1987},
  publisher={New York, Optimization Software},
  pages={253-268}
}

@article{charnes1958cost,
  title={Cost horizons and certainty equivalents: an approach to stochastic programming of heating oil},
  author={Charnes, Abraham and Cooper, William W and Symonds, Gifford H},
  journal={Management science},
  volume={4},
  number={3},
  pages={235--263},
  year={1958},
  publisher={INFORMS}
}

@article{calafiore2005uncertain,
  title={Uncertain convex programs: randomized solutions and confidence levels},
  author={Calafiore, Giuseppe and Campi, Marco C},
  journal={Mathematical Programming},
  volume={102},
  pages={25--46},
  year={2005},
  publisher={Springer}
}

@article{bertsimas2011theory,
  title={Theory and applications of robust optimization},
  author={Bertsimas, Dimitris and Brown, David B and Caramanis, Constantine},
  journal={SIAM review},
  volume={53},
  number={3},
  pages={464--501},
  year={2011},
  publisher={SIAM}
}

@book{ben2009robust,
  title={Robust optimization},
  author={Ben-Tal, Aharon and El Ghaoui, Laurent and Nemirovski, Arkadi},
  volume={28},
  year={2009},
  publisher={Princeton university press}
}

@article{caramanis2011robust,
  title={Robust optimization in machine learning},
  author={Caramanis, Constantine and Mannor, Shie and Xu, Huan},
  year={2011}
}

@article{sahinidis2004optimization,
  title={Optimization under uncertainty: state-of-the-art and opportunities},
  author={Sahinidis, Nikolaos V},
  journal={Computers \& chemical engineering},
  volume={28},
  number={6-7},
  pages={971--983},
  year={2004},
  publisher={Elsevier}
}

@article{yaari1965uncertain,
  title={Uncertain lifetime, life insurance, and the theory of the consumer},
  author={Yaari, Menahem E},
  journal={The Review of Economic Studies},
  volume={32},
  number={2},
  pages={137--150},
  year={1965},
  publisher={Wiley-Blackwell}
}

@inproceedings{iea2024electricity,
  title={Electricity},
  author={IEA},
  year={2024},
  url={https://www.iea.org/reports/electricity-2024}
}

%article{lukashevich2023importance,
%  title={Importance Sampling Approach for Dynamic Stochastic Optimal Power Flow Control},
  author={Lukashevich, Aleksander and Bulkin, Aleksander and Grinis, Roland and Makarov, Ilya and Maximov, Yury},
  journal={arXiv preprint arXiv:2310.02509},
  year={2023}
}

@article{lukashevich2023importance,
  author={Lukashevich, Aleksandr and Bulkin, Aleksandr and Maximov, Yury},
  journal={IEEE Control Systems Letters}, 
  title={A-Priori Reduction of Scenario Approximation for Automated Generation Control in High-Voltage Power Grids With Renewable Energy}, 
  year={2024},
  volume={8},
  number={},
  pages={1613-1618},
  keywords={Redundancy;Uncertainty;Load flow;Automatic generation control;Vectors;Optimization;Generators;Data-driven control;power systems;optimization},
  doi={10.1109/LCSYS.2024.3413367}}

}

@inproceedings{agafonov2021accelerated,
  title={An accelerated second-order method for distributed stochastic optimization},
  author={Agafonov, Artem and Dvurechensky, Pavel and Scutari, Gesualdo and Gasnikov, Alexander and Kamzolov, Dmitry and Lukashevich, Aleksandr and Daneshmand, Amir},
  booktitle={2021 60th IEEE Conference on Decision and Control (CDC)},
  pages={2407--2413},
  year={2021},
  organization={IEEE}
}

@article{tanuishkina2024scirep,
  title={Case Study on Climate Change Effects and Food Security in Southeast Asia},
  author={Taniushkina, Daria and Lukashevich, Aleksander and Shevchenko, Valeriy et al},
  journal={Scientific Reports (in press)},
  pages={0},
  year={2024},
  publisher={Nature Portfolio}
}


@article{dvurechensky2022hyperfast,
  title={Hyperfast second-order local solvers for efficient statistically preconditioned distributed optimization},
  author={Dvurechensky, Pavel and Kamzolov, Dmitry and Lukashevich, Aleksandr and Lee, Soomin and Ordentlich, Erik and Uribe, C{\'e}sar A and Gasnikov, Alexander},
  journal={EURO Journal on Computational Optimization},
  volume={10},
  pages={100045},
  year={2022},
  publisher={Elsevier}
}


@article{mitrovic2023gp,
  title={Gp cc-opf: Gaussian process based optimization tool for chance-constrained optimal power flow},
  author={Mitrovic, Mile and Kundacina, Ognjen and Lukashevich, Aleksandr and Budennyy, Semen and Vorobev, Petr and Terzija, Vladimir and Maximov, Yury and Deka, Deepjyoti},
  journal={Software Impacts},
  volume={16},
  pages={100489},
  year={2023},
  publisher={Elsevier}
}

@article{mitrovic2023data,
  title={Data-driven stochastic AC-OPF using Gaussian process regression},
  author={Mitrovic, Mile and Lukashevich, Aleksandr and Vorobev, Petr and Terzija, Vladimir and Budennyy, Semen and Maximov, Yury and Deka, Deepjyoti},
  journal={International Journal of Electrical Power \& Energy Systems},
  volume={152},
  pages={109249},
  year={2023},
  publisher={Elsevier}
}

@article{morozov2023cmip,
  title={Cmip x-mos: Improving climate models with extreme model output statistics},
  author={Morozov, Vsevolod and Galliamov, Artem and Lukashevich, Aleksandr and Kurdukova, Antonina and Maximov, Yury},
  journal={arXiv preprint arXiv:2311.03370},
  year={2023}
}

@article{shevchenko2024climate,
  title={Climate Change Impact on Agricultural Land Suitability: An Interpretable Machine Learning-Based Eurasia Case Study},
  author={Shevchenko, Valeriy and Lukashevich, Aleksandr and Taniushkina, Daria and Bulkin, Aleksandr and Grinis, Roland and Kovalev, Kirill and Narozhnaia, Veronika and Sotiriadi, Nazar and Krenke, Alexander and Maximov, Yury},
  journal={IEEE Access},
  year={2024},
  publisher={IEEE}
}

@inproceedings{mitrovic2023fast,
  title={Fast Data-Driven Chance Constrained AC-OPF Using Hybrid Sparse Gaussian Processes},
  author={Mitrovic, Mile and Lukashevich, Aleksandr and Vorobev, Petr and Terzija, Vladimir and Maximov, Yury and Deka, Deepjyoti},
  booktitle={2023 IEEE Belgrade PowerTech},
  pages={1--7},
  year={2023},
  organization={IEEE}
}


@inproceedings{lou2019multi,
  title={Multi-stage Security Constrained OPF Using Dynamic Thermal Rating},
  author={Lou, Xiansi and Zhang, Jianlian and Guo, Chuangxin and Tao, Hongfei and Yang, Caiming and Zhang, Jianguang},
  booktitle={2019 IEEE Power \& Energy Society General Meeting (PESGM)},
  pages={1--5},
  year={2019},
  organization={IEEE}
}

@article{crucitti2005locating,
  title={Locating critical lines in high-voltage electrical power grids},
  author={Crucitti, Paolo and Latora, Vito and Marchiori, Massimo},
  journal={Fluctuation and Noise Letters},
  volume={5},
  number={02},
  pages={L201--L208},
  year={2005},
  publisher={World Scientific}
}

@article{fernandez2016review,
  title={Review of dynamic line rating systems for wind power integration},
  author={Fernandez, E and Albizu, I and Bedialauneta, MT and Mazon, AJ and Leite, Patricia T},
  journal={Renewable and Sustainable Energy Reviews},
  volume={53},
  pages={80--92},
  year={2016},
  publisher={Elsevier}
}

@article{lavaei2011zero,
  title={Zero duality gap in optimal power flow problem},
  author={Lavaei, Javad and Low, Steven H},
  journal={IEEE Transactions on Power systems},
  volume={27},
  number={1},
  pages={92--107},
  year={2011},
  publisher={IEEE}
}

@inproceedings{molzahn2014investigation,
  title={Investigation of non-zero duality gap solutions to a semidefinite relaxation of the optimal power flow problem},
  author={Molzahn, Daniel K and Lesieutre, Bernard C and DeMarco, Christopher L},
  booktitle={2014 47th Hawaii International Conference on System Sciences},
  pages={2325--2334},
  year={2014},
  organization={IEEE}
}

@article{bai2008semidefinite,
  title={Semidefinite programming for optimal power flow problems},
  author={Bai, Xiaoqing and Wei, Hua and Fujisawa, Katsuki and Wang, Yong},
  journal={International Journal of Electrical Power \& Energy Systems},
  volume={30},
  number={6-7},
  pages={383--392},
  year={2008},
  publisher={Elsevier}
}

@article{carpentier1962contribution,
  title={Contribution a l'etude du dispatching economique},
  author={Carpentier, Jacques},
  journal={Bull. Soc. Fr. Elec. Ser.},
  volume={3},
  pages={431},
  year={1962}
}

@article{kirchhoff1847ueber,
  title={Ueber die Aufl{\"o}sung der Gleichungen, auf welche man bei der Untersuchung der linearen Vertheilung galvanischer Str{\"o}me gef{\"u}hrt wird},
  author={Kirchhoff, Gustav},
  journal={Annalen der Physik},
  volume={148},
  number={12},
  pages={497--508},
  year={1847},
  publisher={WILEY-VCH Verlag Leipzig}
}

@article{zhuravlev1999discrete,
  title={Discrete analysis},
  author={Zhuravlev, Yu I and Flerov, Yu A},
  journal={Studentâ€™s Book},
  year={1999}
}

@book{el2008electric,
  title={Electric energy: an introduction},
  author={El-Sharkawi, Mohamed A},
  year={2008},
  publisher={CRC press}
}

@inproceedings{pakhira2014linear,
  title={A linear time-complexity k-means algorithm using cluster shifting},
  author={Pakhira, Malay K},
  booktitle={2014 international conference on computational intelligence and communication networks},
  pages={1047--1051},
  year={2014},
  organization={IEEE}
}

@phdthesis{williamson1989probabilistic,
  title={Probabilistic arithmetic},
  author={Williamson, Robert Charles and others},
  year={1989},
  school={University of Queensland Brisbane}
}

@article{frangioni2008solving,
  title={Solving unit commitment problems with general ramp constraints},
  author={Frangioni, Antonio and Gentile, Claudio and Lacalandra, Fabrizio},
  journal={International Journal of Electrical Power \& Energy Systems},
  volume={30},
  number={5},
  pages={316--326},
  year={2008},
  publisher={Elsevier}
}

@article{barrows2019ieee,
  title={The {IEEE} reliability test system: A proposed 2019 update},
  author={Barrows, Clayton and Bloom, Aaron and Ehlen, Ali and Ik{\"a}heimo, Jussi and Jorgenson, Jennie and Krishnamurthy, Dheepak and Lau, Jessica and McBennett, Brendan and Oâ€™Connell, Matthew and Preston, Eugene and others},
  journal={IEEE Tr. on Power Systems},
  volume={35},
  number={1},
  pages={119--127},
  year={2019},
  publisher={IEEE}
}

@article{shapiro1965analysis,
  title={An analysis of variance test for normality (complete samples)},
  author={Shapiro, Samuel Sanford and Wilk, Martin B},
  journal={Biometrika},
  volume={52},
  number={3-4},
  pages={591--611},
  year={1965},
  publisher={Oxford University Press}
}

@article{draper2021practical,
  title={The Practical Scope of the Central Limit Theorem},
  author={Draper, David and Guo, Erdong},
  journal={arXiv preprint arXiv:2111.12267},
  year={2021}
}

@article{rouaud2013probability,
  title={Probability, statistics and estimation},
  author={Rouaud, Mathieu},
  journal={Propagation of uncertainties},
  volume={191},
  pages={1110},
  year={2013}
}

@article{scholz2011central,
  title={Central Limit Theorems and Proofs},
  author={Scholz, FW},
  journal={Lecture Notes, Univ. Washington},
  year={2011}
}

@inproceedings{dhople2012framework,
  title={A framework to determine the probability density function for the output power of wind farms},
  author={Dhople, Sairaj V and Dom{\'\i}nguez-Garc{\'\i}a, Alejandro D},
  booktitle={2012 North American Power Symposium},
  pages={1--6},
  year={2012},
  organization={IEEE}
}

@article{wang2010probabilistic,
  title={Probabilistic calculation of total transfer capability including large-scale solar park},
  author={Wang, Min and Ding, Ming},
  journal={Automation of Electric Power Systems},
  volume={34},
  number={7},
  pages={31--35},
  year={2010},
  publisher={Automation of Electric Power Systems Press, P. O. Box 323 Nanjing 210003~â€¦}
}

@article{liang2020scenario,
  title={Scenario reduction for stochastic day-ahead scheduling: A mixed autoencoder based time-series clustering approach},
  author={Liang, Junkai and Tang, Wenyuan},
  journal={IEEE Tr. on Smart Grid},
  volume={12},
  number={3},
  pages={2652--2662},
  year={2020},
  publisher={IEEE}
}

@article{keutchayan2023problem,
  title={Problem-driven scenario clustering in stochastic optimization},
  author={Keutchayan, Julien and Ortmann, Janosch and Rei, Walter},
  journal={Computational Management Science},
  volume={20},
  number={1},
  pages={13},
  year={2023},
  publisher={Springer}
}

@article{rujeerapaiboon2022scenario,
  title={Scenario reduction revisited: Fundamental limits and guarantees},
  author={Rujeerapaiboon, Napat and Schindler, Kilian and Kuhn, Daniel and Wiesemann, Wolfram},
  journal={Mathematical Programming},
  volume={191},
  number={1},
  pages={207--242},
  year={2022},
  publisher={Springer}
}

@article{heitsch2003scenario,
  title={Scenario reduction algorithms in stochastic programming},
  author={Heitsch, Holger and R{\"o}misch, Werner},
  journal={Comp. optim. and appl.},
  volume={24},
  pages={187--206},
  year={2003},
  publisher={Springer}
}

@article{dupavcova1990stability,
  title={Stability and sensitivity-analysis for stochastic programming},
  author={Dupa{\v{c}}ov{\'a}, Jitka},
  journal={Annals of operations research},
  volume={27},
  pages={115--142},
  year={1990},
  publisher={Springer}
}

@article{dupavcova2003scenario,
  title={Scenario reduction in stochastic programming},
  author={Dupa{\v{c}}ov{\'a}, Jitka and Gr{\"o}we-Kuska, Nicole and R{\"o}misch, Werner},
  journal={Math. progr.},
  volume={95},
  pages={493--511},
  year={2003},
  publisher={Springer}
}

@book{wood2013power,
  title={Power generation, operation, and control},
  author={Wood, Allen J and Wollenberg, Bruce F and Shebl{\'e}, Gerald B},
  year={2013},
  publisher={John Wiley \& Sons}
}


@article{esfahani2017data,
  title={Data-driven distributionally robust optimization using the Wasserstein metric: performance guarantees and tractable reformulations},
  author={Esfahani, Peyman Mohajerin and Kuhn, Daniel},
  journal={Mathematical Programming},
  volume={171},
  number={1-2},
  pages={115--166},
  year={2017},
  publisher={Springer Science and Business Media LLC}
}
@article{ji2021data,
  title={Data-driven distributionally robust chance-constrained optimization with Wasserstein metric},
  author={Ji, Ran and Lejeune, Miguel A},
  journal={Journal of Global Optimization},
  volume={79},
  number={4},
  pages={779--811},
  year={2021},
  publisher={Springer}
}

@article{wachter2006implementation,
  title={On the implementation of an interior-point filter line-search algorithm for large-scale nonlinear programming},
  author={W{\"a}chter, Andreas and Biegler, Lorenz T},
  journal={Mathematical programming},
  volume={106},
  pages={25--57},
  year={2006},
  publisher={Springer}
}

@inproceedings{Oki2012GLPKL,
  title={GLPK (GNU Linear Programming Kit)},
  author={Eiji Oki},
  year={2012},
  url={https://api.semanticscholar.org/CorpusID:63578694}
}

@incollection{bernal2018mixed,
  title={Mixed-integer nonlinear decomposition toolbox for Pyomo (MindtPy)},
  author={Bernal, David E and Chen, Qi and Gong, Felicity and Grossmann, Ignacio E},
  booktitle={Computer Aided Chemical Engineering},
  volume={44},
  pages={895--900},
  year={2018},
  publisher={Elsevier}
}

@book{hart2017pyomo,
  title={Pyomo-optimization modeling in python},
  author={Hart, William E and Laird, Carl D and Watson, Jean-Paul and Woodruff, David L and Hackebeil, Gabriel A and Nicholson, Bethany L and Siirola, John D and others},
  volume={67},
  year={2017},
  publisher={Springer}
}

@article{chen2024data,
  title={Data-driven chance constrained programs over Wasserstein balls},
  author={Chen, Zhi and Kuhn, Daniel and Wiesemann, Wolfram},
  journal={Operations Research},
  volume={72},
  number={1},
  pages={410--424},
  year={2024},
  publisher={INFORMS}
}

@article{mezghani2020stochastic,
  title={Stochastic AC optimal power flow: A data-driven approach},
  author={Mezghani, Ilyes and Misra, Sidhant and Deka, Deepjyoti},
  journal={{EPSR}},
  volume={189},
  pages={106567},
  year={2020},
  publisher={Elsevier}
}

@article{baros2021examining,
  title={Examining the economic optimality of automatic generation control},
  author={Baros, Stefanos and Chen, Yu Christine and Dhople, Sairaj V},
  journal={IEEE Tr. on Power Systems},
  volume={36},
  number={5},
  pages={4611--4620},
  year={2021},
  publisher={IEEE}
}
@book{de1983automatic,
  title={Automatic Generation Control},
  author={De Mello, FP and Undrill, JM},
  year={1983},
  publisher = { }
}

@book{machowski2020power,
  title={Power system dynamics: stability and control},
  author={Machowski, Jan and Lubosny, Zbigniew and Bialek, Janusz W and Bumby, James R},
  year={2020},
  publisher={John Wiley \& Sons}
}


@article{nemirovski2012safe,
  title={On safe tractable approximations of chance constraints},
  author={Nemirovski, Arkadi},
  journal={European J. of Oper. Res.},
  volume={219},
  number={3},
  pages={707--718},
  year={2012},
  publisher={Elsevier}
}


@article{diamond2016cvxpy,
  title={CVXPY: A Python-embedded modeling language for convex optimization},
  author={Diamond, Steven and Boyd, Stephen},
  journal={The Journal of Machine Learning Research},
  volume={17},
  number={1},
  pages={2909--2913},
  year={2016},
  publisher={JMLR. org}
}

@ARTICLE{lukashevich2021importance,
  title={Importance Sampling Approach to Chance-Constrained DC Optimal Power Flow},
  author={Lukashevich, Aleksander and Gorchakov, Vyacheslav and Vorobev, Petr and Deka, Deepjyoti and Maximov, Yury},
  journal={IEEE Transactions on Control of Network Systems}, 
  year={2023},
  volume={11},
  number={2},
  pages={928-937},
  keywords={Uncertainty;Power grids;Security;Approximation algorithms;Monte Carlo methods;Renewable energy sources;Network systems;Chance-constrained (CC) optimization;optimal power flow (OPF);robust optimization;scenario approximation (SA)},
  doi={10.1109/TCNS.2023.3330232}}

@article{lukashevich2021power,
  title={Power grid reliability estimation via adaptive importance sampling},
  author={Lukashevich, Aleksander and Maximov, Yury},
  journal={IEEE Control Systems Letters},
  volume={6},
  pages={1010--1015},
  year={2021},
}

@inproceedings{xu2017real,
  title={The real time generation scheduling model considering automatic generation control},
  author={Xu, Fan and Gao, Zonghe and Ding, Qia and Tu, Mengfu},
  booktitle={2017 IEEE EI2 Conference},
  pages={1--6},
  year={2017},
  organization={IEEE}
}

@article{monticelli1987security,
  title={Security-constrained optimal power flow with post-contingency corrective rescheduling},
  author={Monticelli, A and Pereira, MVF and Granville, S},
  journal={IEEE Tr. on Power Systems},
  volume={2},
  number={1},
  pages={175--180},
  year={1987},
  publisher={IEEE}
}

@article{capitanescu2007improving,
  title={Improving the statement of the corrective security-constrained optimal power-flow problem},
  author={Capitanescu, Florin and Wehenkel, Louis},
  journal={IEEE Tr. on Power Systems},
  volume={22},
  number={2},
  pages={887--889},
  year={2007},
  publisher={IEEE}
}

@inproceedings{lou2019multi,
  title={Multi-stage Security Constrained {OPF} Using Dynamic Thermal Rating},
  author={Lou, Xiansi and Zhang, Jianlian and Guo, Chuangxin and Tao, Hongfei and Yang, Caiming and Zhang, Jianguang},
  booktitle={2019 IEEE Power \& Energy Society General Meeting},
  pages={1--5},
  year={2019},
  organization={IEEE}
}

@incollection{ahmed2008solving,
  title={Solving chance-constrained stochastic programs via sampling and integer programming},
  author={Ahmed, Shabbir and Shapiro, Alexander},
  booktitle={State-of-the-art decision-making tools in the information-intensive age},
  pages={261--269},
  year={2008},
  publisher={Informs}
}

@article{sen1992relaxations,
  title={Relaxations for probabilistically constrained programs with discrete random variables},
  author={Sen, Suvrajeet},
  journal={Operations Research Letters},
  volume={11},
  number={2},
  pages={81--86},
  year={1992},
  publisher={Elsevier}
}

@article{calafiore2006scenario,
  title={The scenario approach to robust control design},
  author={Calafiore, Giuseppe C and Campi, Marco C},
  journal={IEEE Tr. on automatic control},
  volume={51},
  number={5},
  pages={742--753},
  year={2006},
  publisher={IEEE}
}

@article{jia2021iterative,
  title={Iterative decomposition of joint chance constraints in {OPF}},
  author={Jia, Mengshuo and Hug, Gabriela and Shen, Chen},
  journal={IEEE Tr. on Power Systems},
  volume={36},
  number={5},
  pages={4836--4839},
  year={2021},
  publisher={IEEE}
}


@article{roald2017chance,
  title={Chance-constrained AC optimal power flow: Reformulations and efficient algorithms},
  author={Roald, Line and Andersson, G{\"o}ran},
  journal={IEEE Tr. on Power Systems},
  volume={33},
  number={3},
  pages={2906--2918},
  year={2017},
  publisher={IEEE}
}

@article{bienstock2014chance,
  title={Chance-constrained optimal power flow: Risk-aware network control under uncertainty},
  author={Bienstock, Daniel and Chertkov, Michael and Harnett, Sean},
  journal={{Siam} Review},
  volume={56},
  number={3},
  pages={461--495},
  year={2014},
  publisher={SIAM}
}

@article{sousa2010robust,
  title={Robust optimal power flow solution using trust region and interior-point methods},
  author={Sousa, Andr{\'e}a A and Torres, Geraldo L and Canizares, Claudio A},
  journal={IEEE Tr. on Power Systems},
  volume={26},
  number={2},
  pages={487--499},
  year={2010},
  publisher={IEEE}
}

@article{ding2016adjustable,
  title={Adjustable robust optimal power flow with the price of robustness for large-scale power systems},
  author={Ding, Tao and Bie, Zhaohong and Bai, Linquan and Li, Fangxing},
  journal={IET Generation, Transmission \& Distrib.},
  volume={10},
  number={1},
  pages={164--174},
  year={2016},
  publisher={Wiley Online Library}
}

@article{ben2002robust,
  title={Robust optimization--methodology and applications},
  author={Ben-Tal, Aharon and Nemirovski, Arkadi},
  journal={Mathematical programming},
  volume={92},
  pages={453--480},
  year={2002},
  publisher={Springer}
}

@article{geng2019data,
  title={Data-driven decision making in power systems with probabilistic guarantees: Theory and applications of chance-con- strained optimization},
  author={Geng, Xinbo and Xie, Le},
  journal={Ann. rev. in control},
  volume={47},
  pages={341--363},
  year={2019},
  publisher={Elsevier}
}

@inproceedings{stott2012optimal,
  title={Optimal power flow: Basic requirements for real-life problems and their solutions},
  author={Stott, Brian and Alsa{\c{c}}, Ongun},
  booktitle={SEPOPE XII Symposium, Rio de Janeiro, Brazil},
  volume={11},
  pages={1--10},
  year={2012}
}

@inproceedings{bai2015improved,
  title={Improved artificial bee colony based on orthognal learning for optimal power flow},
  author={Bai, Wenlei and Eke, Ibrahim and Lee, Kwang Y},
  booktitle={2015 18th international conference on intelligent system application to power systems (ISAP)},
  pages={1--6},
  year={2015},
  organization={Ieee}
}

@article{hak2016sustainable,
  title={Sustainable Development Goals: A need for relevant indicators},
  author={H{\'a}k, Tom{\'a}{\v{s}} and Janou{\v{s}}kov{\'a}, Svatava and Moldan, Bed{\v{r}}ich},
  journal={Ecological indicators},
  volume={60},
  pages={565--573},
  year={2016},
  publisher={Elsevier}
}
@article{huangfu2018parallelizing,
  title={Parallelizing the dual revised simplex method},
  author={Huangfu, Qi and Hall, JA Julian},
  journal={Math. Prog. Computation},
  volume={10},
  number={1},
  pages={119--142},
  year={2018},
  publisher={Springer}
}


@article{gielen2019role,
  title={The role of renewable energy in the global energy transformation},
  author={Gielen, Dolf and Boshell, Francisco and Saygin, Deger and Bazilian, Morgan D and Wagner, Nicholas and Gorini, Ricardo},
  journal={Energy Strategy Reviews},
  volume={24},
  pages={38--50},
  year={2019}
}

@article{khachiyan1989problem,
  title={The problem of calculating the volume of a polyhedron is enumerably hard},
  author={Khachiyan, Leonid Genrikhovich},
  journal={Russian Mathematical Surveys},
  volume={44},
  number={3},
  pages={199},
  year={1989}
}

@article{zimmerman2010matpower,
  title={MATPOWER: Steady-state operations, planning, and analysis tools for power systems research and education},
  author={Zimmerman, Ray Daniel and Murillo-S{\'a}nchez, Carlos Edmundo and Thomas, Robert John},
  journal={IEEE Tr. on power systems},
  volume={26},
  number={1},
  pages={12--19},
  year={2010}
}

@article{harjanne2019abandoning,
  title={Abandoning the concept of renewable energy},
  author={Harjanne, Atte and Korhonen, Janne M},
  journal={Energy policy},
  volume={127},
  pages={330--340},
  year={2019}
}

@article{thellufsen2016roles,
  title={Roles of local and national energy systems in the integration of renewable energy},
  author={Thellufsen, Jakob Zinck and Lund, Henrik},
  journal={Applied Energy},
  volume={183},
  pages={419--429},
  year={2016}
}

@article{liang2016emerging,
  title={Emerging power quality challenges due to integration of renewable energy sources},
  author={Liang, Xiaodong},
  journal={IEEE Tr. on Industry Applications},
  volume={53},
  number={2},
  pages={855--866},
  year={2016}
}

@article{bertsimas2018robust,
  title={Robust sample average approximation},
  author={Bertsimas, Dimitris and Gupta, Vishal and Kallus, Nathan},
  journal={Mathematical Programming},
  volume={171},
  number={1},
  pages={217--282},
  year={2018}
}

@inproceedings{coffrin2018powermodels,
  title={Powermodels. jl: An open-source framework for exploring power flow formulations},
  author={Coffrin, Carleton and Bent, Russell and Sundar, Kaarthik and Ng, Yeesian and Lubin, Miles},
  booktitle={2018 Power Systems Computation Conference},
  pages={1--8},
  year={2018},
  organization={IEEE}
}

@inproceedings{duchi2010composite,
  title={Composite Objective Mirror Descent.},
  author={Duchi, John C and Shalev-Shwartz, Shai and Singer, Yoram and Tewari, Ambuj},
  booktitle={COLT},
  pages={14--26},
  year={2010},
  organization={Citeseer}
}
@article{juditsky2011first,
  title={First order methods for nonsmooth convex large-scale optimization, i: general purpose methods},
  author={Juditsky, Anatoli and Nemirovski, Arkadi and others},
  journal={Optimization for Machine Learning},
  number={2011},
  pages={121},
  year={2011}
}

@article{campi2011sampling,
  title={A sampling-and-discarding approach to chance-constrained optimization: feasibility and optimality},
  author={Campi, Marco C and Garatti, Simone},
  journal={Journal of optimization theory and applications},
  volume={148},
  number={2},
  pages={257--280},
  year={2011}
}

@article{elvira2021advances,
  title={Advances in importance sampling},
  author={Elvira, V{\'\i}ctor and Martino, Luca},
  journal={arXiv preprint arXiv:2102.05407},
  year={2021}
}

@article{arregui2019generalized,
  title={Generalized Multiple Importance Sampling},
  author={Elvira, V{\'\i}ctor  and Martino, Luca and Garc{\'\i}a, David Luengo and Bugallo, M{\'o}nica F},
  journal={Statistical science},
  volume={34},
  number={1},
  pages={129--155},
  year={2019}
}

@article{he2014optimal,
  title={Optimal mixture weights in multiple importance sampling},
  author={He, Hera Y and Owen, Art B},
  journal={arXiv preprint arXiv:1411.3954},
  year={2014}
}

@book{tsybakov2008introduction,
  title={Introduction to nonparametric estimation},
  author={Tsybakov, Alexandre B},
  year={2008},
  publisher={Springer Science \& Business Media}
}

@book{lan2020first,
  title={First-order and Stochastic Optimization Methods for Machine Learning},
  author={Lan, Guanghui},
  year={2020},
  publisher={Springer}
}

@inproceedings{kaufmann2012bayesian,
  title={On Bayesian upper confidence bounds for bandit problems},
  author={Kaufmann, Emilie and Capp{\'e}, Olivier and Garivier, Aur{\'e}lien},
  booktitle={Artificial intelligence and statistics},
  pages={592--600},
  year={2012}
}

@article{fedotov2003refinements,
  title={Refinements of Pinsker's inequality},
  author={Fedotov, Alexei A and Harremo{\"e}s, Peter and Topsoe, Flemming},
  journal={IEEE Tr. on Information Theory},
  volume={49},
  number={6},
  pages={1491--1498},
  year={2003}
}


@article{lee2019convex,
  title={Convex restriction of power flow feasibility sets},
  author={Lee, Dongchan and Nguyen, Hung D and Dvijotham, Krishnamurthy and Turitsyn, Konstantin},
  journal={IEEE Tr. on Control of Network Systems},
  volume={6},
  number={3},
  pages={1235--1245},
  year={2019}
}

@inproceedings{nemirovski2001lectures,
  title={Lectures on modern convex optimization},
  author={Nemirovski, Arkadi},
  booktitle={Society for Industrial and Applied Mathematics (SIAM)},
  year={2001}
}

@book{l2009monte,
  title={Monte Carlo and Quasi-Monte Carlo Methods 2008},
  author={L'Ecuyer, Pierre and Owen, Art B},
  year={2009},
  publisher={Springer}
}

@INPROCEEDINGS{contingencyMLE,
  author={Xiao, Fei and McCalley, James D. and Ou, Yan and Adams, John and Myers, Steven},
  booktitle={2006 International Conference on Probabilistic Methods Applied to Power Systems}, 
  title={Contingency Probability Estimation Using Weather and Geographical Data for On-Line Security Assessment}, 
  year={2006},
  volume={},
  number={},
  pages={1-7}
 }
  
  
@article{simonovits2003compute,
  title={How to compute the volume in high dimension?},
  author={Simonovits, Mikl{\'o}s},
  journal={Mathematical programming},
  volume={97},
  number={1},
  pages={337--374},
  year={2003}
}

@inproceedings{chen2008probabilistic,
  title={Probabilistic load flow: A review},
  author={Chen, Peiyuan and Chen, Zhe and Bak-Jensen, Birgitte},
  booktitle={Third International Conference on Electric Utility Deregulation and Restructuring and Power Technologies},
  pages={1586--1591},
  year={2008}
}

@article{prusty2017critical,
  title={A critical review on probabilistic load flow studies in uncertainty constrained power systems with photovoltaic generation and a new approach},
  author={Prusty, B Rajanarayan and Jena, Debashisha},
  journal={Renewable and Sustainable Energy Reviews},
  volume={69},
  pages={1286--1302},
  year={2017},
  publisher={Elsevier}
}

@article{zhou2019wind,
  title={Wind power prediction based on {LSTM} networks and nonparametric kernel density estimation},
  author={Zhou, Bowen and Ma, Xiangjin and Luo, Yanhong and Yang, Dongsheng},
  journal={{IEEE} Access},
  volume={7},
  pages={165279--165292},
  year={2019}
}

@article{zhang2017data,
  title={Data-based line trip fault prediction in power systems using {LSTM} networks and {SVM}},
  author={Zhang, Senlin and Wang, Yixing and Liu, Meiqin and Bao, Zhejing},
  journal={IEEE Access},
  volume={6},
  pages={7675--7686},
  year={2017},
  publisher={IEEE}
}

@article{yu2009probabilistic,
  title={Probabilistic load flow evaluation with hybrid latin hypercube sampling and cholesky decomposition},
  author={Yu, Han and Chung, CY and Wong, KP and Lee, HW and Zhang, JH},
  journal={IEEE Tr. on Power Systems},
  volume={24},
  number={2},
  pages={661--667},
  year={2009},
  publisher={IEEE}
}
@article{vittal2009steady,
  title={A steady-state voltage stability analysis of power systems with high penetrations of wind},
  author={Vittal, Eknath and O'Malley, Mark and Keane, Andrew},
  journal={IEEE Tr. on Power Systems},
  volume={25},
  number={1},
  pages={433--442},
  year={2009},
  publisher={IEEE}
}
  
@inproceedings{da1990probabilistic,
  title={Probabilistic load flow by a multilinear simulation algorithm},
  author={Da Silva, AM Leite and Arienti, VL},
  booktitle={IEE Proceedings C (Generation, Transmission and Distribution)},
  volume={137},
  number={4},
  pages={276--282},
  year={1990},
  organization={IET}
}

@article{su2005probabilistic,
  title={Probabilistic load-flow computation using point estimate method},
  author={Su, Chun-Lien},
  journal={IEEE Tr. on Power Systems},
  volume={20},
  number={4},
  pages={1843--1851},
  year={2005},
  publisher={IEEE}
}

@inproceedings{singh2006power,
  title={Power system adequacy and security calculations using Monte Carlo simulation incorporating intelligent system methodology},
  author={Singh, Chanan and Luo, Xiaochuan and Kim, Hyungchul},
  booktitle={2006 International Conference on Probabilistic Methods Applied to Power Systems},
  pages={1--9},
  year={2006},
  organization={IEEE}
}
  
@article{golden2003senate,
  title={Senate bill 1078: The renewable portfolio standard-California asserts its renewable energy leadership},
  author={Golden, Kevin S},
  journal={Ecology LQ},
  volume={30},
  pages={693},
  year={2003},
  publisher={HeinOnline}
}


@article{schmietendorf2017impact,
  title={The impact of turbulent renewable energy production on power grid stability and quality},
  author={Schmietendorf, Katrin and Peinke, Joachim and Kamps, Oliver},
  journal={The European Physical Journal B},
  volume={90},
  number={11},
  pages={1--6},
  year={2017},
  publisher={Springer}
}


@article{kroposki2017achieving,
  title={Achieving a 100\% renewable grid: operating electric power systems with extremely high levels of variable renewable energy},
  author={Kroposki, Benjamin and Johnson, Brian and Zhang, Yingchen and Gevorgian, Vahan and Denholm, Paul and Hodge, Bri-Mathias and Hannegan, Bryan},
  journal={IEEE Power and Energy Magazine},
  volume={15},
  number={2},
  pages={61--73},
  year={2017},
  publisher={IEEE}
}

@INPROCEEDINGS{3contingencymethods,
  author={McCalley, J.D. and Fei Xiao and Yong Jiang and Qiming Chen},
  booktitle={Proceedings of the 13th International Conference on, Intelligent Systems Application to Power Systems}, 
  title={Computation of Contingency Probabilities for Electric Transmission Decision Problems}, 
  year={2005},
  volume={},
  number={},
  pages={540-545},
  doi={10.1109/ISAP.2005.1599321}}
  
@article{montecarlofeasibility,
  title={Risk of Static Security Assessment of a Power System using Non-sequential Monte Carlo Simulation},
  author={M. Marsadek, A. Mohamed and Z.M. Norpiah},
  journal={Journal of Applied Sciences, 11: 300-307},
  volume={},
  number={11},
  pages={300--307},
  year={2011}
}

@article{nemirovski2007convex,
  title={Convex approximations of chance constrained programs},
  author={Nemirovski, Arkadi and Shapiro, Alexander},
  journal={SIAM J. on Optimization},
  volume={17},
  number={4},
  pages={969--996},
  year={2007},
  publisher={SIAM}
}

@incollection{morlet1983sampling,
  title={Sampling theory and wave propagation},
  author={Morlet, Jean},
  booktitle={Issues in acoustic Signal processing and recognition},
  pages={233--261},
  year={1983},
  publisher={Springer}
}

@article{nemirovski2009robust,
  title={Robust stochastic approximation approach to stochastic programming},
  author={Nemirovski, Arkadi and Juditsky, Anatoli and Lan, Guanghui and Shapiro, Alexander},
  journal={SIAM Journal on optimization},
  volume={19},
  number={4},
  pages={1574--1609},
  year={2009},
  publisher={SIAM}
}


@article{genz2020package,
  title={Package â€˜mvtnormâ€™},
  author={Genz, Alan and Bretz, Frank and Miwa, Tetsuhisa and Mi, Xuefei and Leisch, Friedrich and Scheipl, Fabian and Bornkamp, Bjoern and Maechler, Martin and Hothorn, Torsten and Hothorn, Maintainer Torsten},
  journal={J. of Computational and Graphical Statistics},
  volume={11},
  pages={950--971},
  year={2020}
}

@book{ben2001lectures,
  title={Lectures on modern convex optimization: analysis, algorithms, and engineering applications},
  author={Ben-Tal, Aharon and Nemirovski, Arkadi},
  year={2001},
  publisher={SIAM}
}

@article{fan2012hoeffding,
  title={Hoeffdingâ€™s inequality for supermartingales},
  author={Fan, Xiequan and Grama, Ion and Liu, Quansheng},
  journal={Stochastic Processes and their Applications},
  volume={122},
  number={10},
  pages={3545--3559},
  year={2012},
  publisher={Elsevier}
}

@article{owen2000safe,
  title={Safe and effective importance sampling},
  author={Owen, Art and Zhou, Yi},
  journal={Journal of the American Statistical Association},
  volume={95},
  number={449},
  pages={135--143},
  year={2000},
  publisher={Taylor \& Francis Group}
}

@article{cappe2008adaptive,
  title={Adaptive importance sampling in general mixture classes},
  author={Capp{\'e}, Olivier and Douc, Randal and Guillin, Arnaud and Marin, Jean-Michel and Robert, Christian P},
  journal={Statistics and Computing},
  volume={18},
  number={4},
  pages={447--459},
  year={2008},
  publisher={Springer}
}

@article{ryu2014adaptive,
  title={Adaptive importance sampling via stochastic convex programming},
  author={Ryu, Ernest K and Boyd, Stephen P},
  journal={arXiv preprint arXiv:1412.4845},
  year={2014}
}

@article{wilhelm2010tmvtnorm,
  title={tmvtnorm: A package for the truncated multivariate normal distribution},
  author={Wilhelm, Stefan and Manjunath, BG},
  journal={sigma},
  volume={2},
  number={2},
  pages={25},
  year={2010}
}

@article{chen2018data,
  title={Data-driven chance constrained programs over Wasserstein balls},
  author={Chen, Zhi and Kuhn, Daniel and Wiesemann, Wolfram},
  journal={arXiv preprint arXiv:1809.00210},
  year={2018}
}

@article{anvari2016short,
  title={Short term fluctuations of wind and solar power systems},
  author={Anvari, Mehrnaz and Lohmann, Gerald and W{\"a}chter, Matthias and Milan, Patrick and Lorenz, Elke and Heinemann, Detlev and Tabar, M Reza Rahimi and Peinke, Joachim},
  journal={New J. of Phys.},
  volume={18},
  number={6},
  pages={063027},
  year={2016},
  publisher={IOP Publishing}
}

@article{seri2013scenario,
  title={Scenario approximation of robust and chance-constrained programs},
  author={Seri, Raffaello and Choirat, Christine},
  journal={Journal of Optimization Theory and Applications},
  volume={158},
  number={2},
  pages={590--614},
  year={2013},
  publisher={Springer}
}

@book{rubinstein2013cross,
  title={The cross-entropy method: a unified approach to combinatorial optimization, Monte-Carlo simulation and machine learning},
  author={Rubinstein, Reuven Y and Kroese, Dirk P},
  year={2013},
  publisher={Springer Science \& Business Media}
}



@article{pena2020dc,
  title={{DC} optimal power flow with joint chance constraints},
  author={Pena-Ordieres, Alejandra and Molzahn, Daniel K and Roald, Line A and W{\"a}chter, Andreas},
  journal={IEEE Tr. on Power Syst.},
  volume={36},
  number={1},
  pages={147--158},
  year={2020},
  publisher={IEEE}
}

@article{owen2019importance,
  title={Importance sampling the union of rare events with an application to power systems analysis},
  author={Owen, Art B and Maximov, Yury and Chertkov, Michael},
  journal={Electronic Journal of Statistics},
  volume={13},
  number={1},
  pages={231--254},
  year={2019},
  publisher={The Institute of Mathematical Statistics and the Bernoulli Society}
}

@incollection{nemirovski2006scenario,
  title={Scenario approximations of chance constraints},
  author={Nemirovski, Arkadi and Shapiro, Alexander},
  booktitle={Probabilistic and randomized methods for design under uncertainty},
  pages={3--47},
  year={2006},
  publisher={Springer}
}

@inproceedings{roald2013analytical,
  title={Analytical reformulation of security constrained optimal power flow with probabilistic constraints},
  author={Roald, Line and Oldewurtel, Frauke and Krause, Thilo and Andersson, G{\"o}ran},
  booktitle={2013 IEEE Grenoble Conference},
  pages={1--6},
  year={2013},
  organization={IEEE}
}


@article{lubin2015robust,
  title={A robust approach to chance constrained optimal power flow with renewable generation},
  author={Lubin, Miles and Dvorkin, Yury and Backhaus, Scott},
  journal={IEEE Tr. on Power Syst.},
  volume={31},
  number={5},
  pages={3840--3849},
  year={2015},
}

@inproceedings{powermodels,
  author = {Carleton Coffrin and Russell Bent and Kaarthik Sundar and Yeesian Ng and Miles Lubin},
  title = {PowerModels.jl: An Open-Source Framework for Exploring Power Flow Formulations},
  booktitle = {2018 Power Systems Computation Conference },
  year = {2018},
  month = {June},
  pages = {1-8},
  doi = {10.23919/PSCC.2018.8442948}
}

@article{chatterjee2018sample,
  title={The sample size required in importance sampling},
  author={Chatterjee, Sourav and Diaconis, Persi and others},
  journal={The Annals of Applied Probability},
  volume={28},
  number={2},
  pages={1099--1135},
  year={2018}
}

@ARTICLE{pandapower.2018,
    author={L. Thurner and A. Scheidler and F. Sch{\"a}fer and J. Menke and J. Dollichon and F. Meier and S. Meinecke and M. Braun},
    journal={IEEE Tr. on Power Syst.},
    title={{P}andapower â€” An Open-Source Python Tool for Convenient Modeling, Analysis, and Optimization of Electric Power Systems},
    year={2018},
    volume={33},
    number={6},
    pages={6510-6521},
    doi={10.1109/TPWRS.2018.2829021},
    ISSN={0885-8950}}
    
@misc{zhang2021properties,
      title={On the Properties of Kullback-Leibler Divergence Between Gaussians}, 
      author={Yufeng Zhang and Wanwei Liu and Zhenbang Chen and Kenli Li and Ji Wang},
      year={2021},
      eprint={2102.05485},
      archivePrefix={arXiv},
      primaryClass={cs.IT}
}



@misc{mozikov2023accessing,
  title={Accessing Convective Hazards Frequency Shift under Climate Change with Physics-Informed Machine Learning},
  author={Mozikov, Mikhail and Makarov, Ilya and Bulkin, Alexandr and Taniushkina, Daria and Grinis, Roland and Maximov, Yury},
  year={2023},
  howpublished={In Review},
}

@misc{morozov2023cmip,
  title={CMIP X-MOS: Improving Climate Models with Extreme Model Output Statistics},
  author={Morozov, Vsevolod and Gabidullin, Artem and Lukashevich, Aleksandr and Kurdukova, Antonina and Maximov, Yury},
  year={2023},
  howpublished={In Review},
}

@misc{shevchenko2023climate,
  title={Climate Change Impact on Agricultural Land Suitability: A Machine Learning-Based Eurasia Case Study},
  author={Shevchenko, Valeriy and Lukashevich, Aleksander and Bulkin, Aleksandr and Grinis, Roland and Kovalev, Kirill and Narozhnaia, Veronika and Sotiriadi, Nazar and Krenke, Alexander and Maximov, Yury},
  year={2023},
  howpublished={In Review},
}

@misc{shevchenko2023food,
  title = {Climate Change and Future Food Security: Predicting the Extent of Cropland Gain or Degradation},
  author = {Shevchenko, Valeriy and Lukashevich, Aleksander and Bulkin, Aleksandr and Grinis, Roland and Kovalev, Kirill and Narozhnaia, Veronika and Sotiriadi, Nazar and Krenke, Alexander and Maximov, Yury},
  howpublished={In Review},
}







@article{mitrovic2023gp,
  title={{GP CC-OPF}: Gaussian Process based optimization tool for Chance-Constrained Optimal Power Flow},
  author={Mitrovic, Mile and Kundacina, Ognjen and Lukashevich, Aleksandr and Budennyy, Semen and Vorobev, Petr and Terzija, Vladimir and Maximov, Yury and Deka, Deepjyoti},
  journal={Software Impacts},
  volume={16},
  pages={100489},
  year={2023},
  publisher={Elsevier}
}


@misc{grabar2023longterm,
  title = {Long Term Drought Prediction using Deep Neural Networks based on Geospatial Weather Data},
  author = {Grabar, Vsevolod and Marusov, Alexander and Maximov, Yury and Sotiriadi, Nazar and Bulkin, Alexander and Zaytsev, Alexey},
  year = {2023},
  howpublished={In Reveiw},
}



@article{gielen2019role,
  title={The role of renewable energy in the global energy transformation},
  author={Gielen, Dolf and Boshell, Francisco and Saygin, Deger and Bazilian, Morgan D and Wagner, Nicholas and Gorini, Ricardo},
  journal={Energy Strategy Reviews},
  volume={24},
  pages={38--50},
  year={2019}
}

@article{khachiyan1989problem,
  title={The problem of calculating the volume of a polyhedron is enumerably hard},
  author={Khachiyan, Leonid Genrikhovich},
  journal={Russian Mathematical Surveys},
  volume={44},
  number={3},
  pages={199},
  year={1989}
}

@article{zimmerman2010matpower,
  title={MATPOWER: Steady-state operations, planning, and analysis tools for power systems research and education},
  author={Zimmerman, Ray Daniel and Murillo-S{\'a}nchez, Carlos Edmundo and Thomas, Robert John},
  journal={IEEE Transactions on power systems},
  volume={26},
  number={1},
  pages={12--19},
  year={2010}
}

@article{harjanne2019abandoning,
  title={Abandoning the concept of renewable energy},
  author={Harjanne, Atte and Korhonen, Janne M},
  journal={Energy policy},
  volume={127},
  pages={330--340},
  year={2019}
}

@article{thellufsen2016roles,
  title={Roles of local and national energy systems in the integration of renewable energy},
  author={Thellufsen, Jakob Zinck and Lund, Henrik},
  journal={Applied Energy},
  volume={183},
  pages={419--429},
  year={2016}
}

@article{liang2016emerging,
  title={Emerging power quality challenges due to integration of renewable energy sources},
  author={Liang, Xiaodong},
  journal={IEEE Transactions on Industry Applications},
  volume={53},
  number={2},
  pages={855--866},
  year={2016}
}

@article{bertsimas2018robust,
  title={Robust sample average approximation},
  author={Bertsimas, Dimitris and Gupta, Vishal and Kallus, Nathan},
  journal={Mathematical Programming},
  volume={171},
  number={1},
  pages={217--282},
  year={2018}
}

@inproceedings{coffrin2018powermodels,
  title={Powermodels. jl: An open-source framework for exploring power flow formulations},
  author={Coffrin, Carleton and Bent, Russell and Sundar, Kaarthik and Ng, Yeesian and Lubin, Miles},
  booktitle={2018 Power Systems Computation Conference},
  pages={1--8},
  year={2018},
  organization={IEEE}
}

@inproceedings{duchi2010composite,
  title={Composite Objective Mirror Descent.},
  author={Duchi, John C and Shalev-Shwartz, Shai and Singer, Yoram and Tewari, Ambuj},
  booktitle={COLT},
  pages={14--26},
  year={2010},
  organization={Citeseer}
}
@article{juditsky2011first,
  title={First order methods for nonsmooth convex large-scale optimization, i: general purpose methods},
  author={Juditsky, Anatoli and Nemirovski, Arkadi and others},
  journal={Optimization for Machine Learning},
  number={2011},
  pages={121},
  year={2011}
}

@article{campi2011sampling,
  title={A sampling-and-discarding approach to chance-constrained optimization: feasibility and optimality},
  author={Campi, Marco C and Garatti, Simone},
  journal={Journal of optimization theory and applications},
  volume={148},
  number={2},
  pages={257--280},
  year={2011}
}

@article{elvira2021advances,
  title={Advances in importance sampling},
  author={Elvira, V{\'\i}ctor and Martino, Luca},
  journal={arXiv preprint arXiv:2102.05407},
  year={2021}
}

@article{arregui2019generalized,
  title={Generalized Multiple Importance Sampling},
  author={Elvira, V{\'\i}ctor  and Martino, Luca and Garc{\'\i}a, David Luengo and Bugallo, M{\'o}nica F},
  journal={Statistical science},
  volume={34},
  number={1},
  pages={129--155},
  year={2019}
}

@article{he2014optimal,
  title={Optimal mixture weights in multiple importance sampling},
  author={He, Hera Y and Owen, Art B},
  journal={arXiv preprint arXiv:1411.3954},
  year={2014}
}

@book{tsybakov2008introduction,
  title={Introduction to nonparametric estimation},
  author={Tsybakov, Alexandre B},
  year={2008},
  publisher={Springer Science \& Business Media}
}

@book{lan2020first,
  title={First-order and Stochastic Optimization Methods for Machine Learning},
  author={Lan, Guanghui},
  year={2020},
  publisher={Springer}
}

@inproceedings{kaufmann2012bayesian,
  title={On Bayesian upper confidence bounds for bandit problems},
  author={Kaufmann, Emilie and Capp{\'e}, Olivier and Garivier, Aur{\'e}lien},
  booktitle={Artificial intelligence and statistics},
  pages={592--600},
  year={2012}
}

@article{fedotov2003refinements,
  title={Refinements of Pinsker's inequality},
  author={Fedotov, Alexei A and Harremo{\"e}s, Peter and Topsoe, Flemming},
  journal={IEEE Transactions on Information Theory},
  volume={49},
  number={6},
  pages={1491--1498},
  year={2003}
}


@article{lee2019convex,
  title={Convex restriction of power flow feasibility sets},
  author={Lee, Dongchan and Nguyen, Hung D and Dvijotham, Krishnamurthy and Turitsyn, Konstantin},
  journal={IEEE Transactions on Control of Network Systems},
  volume={6},
  number={3},
  pages={1235--1245},
  year={2019}
}

@inproceedings{nemirovski2001lectures,
  title={Lectures on modern convex optimization},
  author={Nemirovski, Arkadi},
  booktitle={Society for Industrial and Applied Mathematics (SIAM)},
  year={2001}
}

@book{l2009monte,
  title={Monte Carlo and Quasi-Monte Carlo Methods 2008},
  author={L'Ecuyer, Pierre and Owen, Art B},
  year={2009},
  publisher={Springer}
}

@INPROCEEDINGS{contingencyMLE,
  author={Xiao, Fei and McCalley, James D. and Ou, Yan and Adams, John and Myers, Steven},
  booktitle={2006 International Conference on Probabilistic Methods Applied to Power Systems}, 
  title={Contingency Probability Estimation Using Weather and Geographical Data for On-Line Security Assessment}, 
  year={2006},
  volume={},
  number={},
  pages={1-7}
 }
  
  
@article{simonovits2003compute,
  title={How to compute the volume in high dimension?},
  author={Simonovits, Mikl{\'o}s},
  journal={Mathematical programming},
  volume={97},
  number={1},
  pages={337--374},
  year={2003}
}

@inproceedings{chen2008probabilistic,
  title={Probabilistic load flow: A review},
  author={Chen, Peiyuan and Chen, Zhe and Bak-Jensen, Birgitte},
  booktitle={Third International Conference on Electric Utility Deregulation and Restructuring and Power Technologies},
  pages={1586--1591},
  year={2008}
}

@article{prusty2017critical,
  title={A critical review on probabilistic load flow studies in uncertainty constrained power systems with photovoltaic generation and a new approach},
  author={Prusty, B Rajanarayan and Jena, Debashisha},
  journal={Renewable and Sustainable Energy Reviews},
  volume={69},
  pages={1286--1302},
  year={2017},
  publisher={Elsevier}
}

@article{zhou2019wind,
  title={Wind power prediction based on {LSTM} networks and nonparametric kernel density estimation},
  author={Zhou, Bowen and Ma, Xiangjin and Luo, Yanhong and Yang, Dongsheng},
  journal={{IEEE} Access},
  volume={7},
  pages={165279--165292},
  year={2019}
}

@article{zhang2017data,
  title={Data-based line trip fault prediction in power systems using {LSTM} networks and {SVM}},
  author={Zhang, Senlin and Wang, Yixing and Liu, Meiqin and Bao, Zhejing},
  journal={IEEE Access},
  volume={6},
  pages={7675--7686},
  year={2017},
  publisher={IEEE}
}

@article{yu2009probabilistic,
  title={Probabilistic load flow evaluation with hybrid latin hypercube sampling and cholesky decomposition},
  author={Yu, Han and Chung, CY and Wong, KP and Lee, HW and Zhang, JH},
  journal={IEEE Transactions on Power Systems},
  volume={24},
  number={2},
  pages={661--667},
  year={2009},
  publisher={IEEE}
}
@article{vittal2009steady,
  title={A steady-state voltage stability analysis of power systems with high penetrations of wind},
  author={Vittal, Eknath and O'Malley, Mark and Keane, Andrew},
  journal={IEEE Transactions on Power Systems},
  volume={25},
  number={1},
  pages={433--442},
  year={2009},
  publisher={IEEE}
}
  
@inproceedings{da1990probabilistic,
  title={Probabilistic load flow by a multilinear simulation algorithm},
  author={Da Silva, AM Leite and Arienti, VL},
  booktitle={IEE Proceedings C (Generation, Transmission and Distribution)},
  volume={137},
  number={4},
  pages={276--282},
  year={1990},
  organization={IET}
}

@article{su2005probabilistic,
  title={Probabilistic load-flow computation using point estimate method},
  author={Su, Chun-Lien},
  journal={IEEE Transactions on Power Systems},
  volume={20},
  number={4},
  pages={1843--1851},
  year={2005},
  publisher={IEEE}
}

@inproceedings{singh2006power,
  title={Power system adequacy and security calculations using Monte Carlo simulation incorporating intelligent system methodology},
  author={Singh, Chanan and Luo, Xiaochuan and Kim, Hyungchul},
  booktitle={2006 International Conference on Probabilistic Methods Applied to Power Systems},
  pages={1--9},
  year={2006},
  organization={IEEE}
}
  
@article{golden2003senate,
  title={Senate bill 1078: The renewable portfolio standard-California asserts its renewable energy leadership},
  author={Golden, Kevin S},
  journal={Ecology LQ},
  volume={30},
  pages={693},
  year={2003},
  publisher={HeinOnline}
}


@article{schmietendorf2017impact,
  title={The impact of turbulent renewable energy production on power grid stability and quality},
  author={Schmietendorf, Katrin and Peinke, Joachim and Kamps, Oliver},
  journal={The European Physical Journal B},
  volume={90},
  number={11},
  pages={1--6},
  year={2017},
  publisher={Springer}
}


@article{kroposki2017achieving,
  title={Achieving a 100\% renewable grid: operating electric power systems with extremely high levels of variable renewable energy},
  author={Kroposki, Benjamin and Johnson, Brian and Zhang, Yingchen and Gevorgian, Vahan and Denholm, Paul and Hodge, Bri-Mathias and Hannegan, Bryan},
  journal={IEEE Power and Energy Magazine},
  volume={15},
  number={2},
  pages={61--73},
  year={2017},
  publisher={IEEE}
}

@INPROCEEDINGS{3contingencymethods,
  author={McCalley, J.D. and Fei Xiao and Yong Jiang and Qiming Chen},
  booktitle={Proceedings of the 13th International Conference on, Intelligent Systems Application to Power Systems}, 
  title={Computation of Contingency Probabilities for Electric Transmission Decision Problems}, 
  year={2005},
  volume={},
  number={},
  pages={540-545},
  doi={10.1109/ISAP.2005.1599321}}
  
@article{montecarlofeasibility,
  title={Risk of Static Security Assessment of a Power System using Non-sequential Monte Carlo Simulation},
  author={M. Marsadek, A. Mohamed and Z.M. Norpiah},
  journal={Journal of Applied Sciences, 11: 300-307},
  volume={},
  number={11},
  pages={300--307},
  year={2011}
}

@article{nemirovski2007convex,
  title={Convex approximations of chance constrained programs},
  author={Nemirovski, Arkadi and Shapiro, Alexander},
  journal={SIAM J. on Optimization},
  volume={17},
  number={4},
  pages={969--996},
  year={2007},
  publisher={SIAM}
}

@incollection{morlet1983sampling,
  title={Sampling theory and wave propagation},
  author={Morlet, Jean},
  booktitle={Issues in acoustic Signal processing and recognition},
  pages={233--261},
  year={1983},
  publisher={Springer}
}

@article{nemirovski2009robust,
  title={Robust stochastic approximation approach to stochastic programming},
  author={Nemirovski, Arkadi and Juditsky, Anatoli and Lan, Guanghui and Shapiro, Alexander},
  journal={SIAM Journal on optimization},
  volume={19},
  number={4},
  pages={1574--1609},
  year={2009},
  publisher={SIAM}
}


@article{genz2020package,
  title={Package â€˜mvtnormâ€™},
  author={Genz, Alan and Bretz, Frank and Miwa, Tetsuhisa and Mi, Xuefei and Leisch, Friedrich and Scheipl, Fabian and Bornkamp, Bjoern and Maechler, Martin and Hothorn, Torsten and Hothorn, Maintainer Torsten},
  journal={J. of Computational and Graphical Statistics},
  volume={11},
  pages={950--971},
  year={2020}
}

@book{ben2001lectures,
  title={Lectures on modern convex optimization: analysis, algorithms, and engineering applications},
  author={Ben-Tal, Aharon and Nemirovski, Arkadi},
  year={2001},
  publisher={SIAM}
}

@article{fan2012hoeffding,
  title={Hoeffdingâ€™s inequality for supermartingales},
  author={Fan, Xiequan and Grama, Ion and Liu, Quansheng},
  journal={Stochastic Processes and their Applications},
  volume={122},
  number={10},
  pages={3545--3559},
  year={2012},
  publisher={Elsevier}
}

@article{owen2000safe,
  title={Safe and effective importance sampling},
  author={Owen, Art and Zhou, Yi},
  journal={Journal of the American Statistical Association},
  volume={95},
  number={449},
  pages={135--143},
  year={2000},
  publisher={Taylor \& Francis Group}
}

@article{cappe2008adaptive,
  title={Adaptive importance sampling in general mixture classes},
  author={Capp{\'e}, Olivier and Douc, Randal and Guillin, Arnaud and Marin, Jean-Michel and Robert, Christian P},
  journal={Statistics and Computing},
  volume={18},
  number={4},
  pages={447--459},
  year={2008},
  publisher={Springer}
}

@article{ryu2014adaptive,
  title={Adaptive importance sampling via stochastic convex programming},
  author={Ryu, Ernest K and Boyd, Stephen P},
  journal={arXiv preprint arXiv:1412.4845},
  year={2014}
}

@article{wilhelm2010tmvtnorm,
  title={tmvtnorm: A package for the truncated multivariate normal distribution},
  author={Wilhelm, Stefan and Manjunath, BG},
  journal={sigma},
  volume={2},
  number={2},
  pages={25},
  year={2010}
}

@article{chen2018data,
  title={Data-driven chance constrained programs over Wasserstein balls},
  author={Chen, Zhi and Kuhn, Daniel and Wiesemann, Wolfram},
  journal={arXiv preprint arXiv:1809.00210},
  year={2018}
}

@article{seri2013scenario,
  title={Scenario approximation of robust and chance-constrained programs},
  author={Seri, Raffaello and Choirat, Christine},
  journal={Journal of Optimization Theory and Applications},
  volume={158},
  number={2},
  pages={590--614},
  year={2013},
  publisher={Springer}
}

@book{rubinstein2013cross,
  title={The cross-entropy method: a unified approach to combinatorial optimization, Monte-Carlo simulation and machine learning},
  author={Rubinstein, Reuven Y and Kroese, Dirk P},
  year={2013},
  publisher={Springer Science \& Business Media}
}

@article{nemirovski2012safe,
  title={On safe tractable approximations of chance constraints},
  author={Nemirovski, Arkadi},
  journal={European Journal of Operational Research},
  volume={219},
  number={3},
  pages={707--718},
  year={2012},
  publisher={Elsevier}
}

@article{pena2020dc,
  title={{DC} optimal power flow with joint chance constraints},
  author={Pena-Ordieres, Alejandra and Molzahn, Daniel K and Roald, Line A and W{\"a}chter, Andreas},
  journal={IEEE Transactions on Power Systems},
  volume={36},
  number={1},
  pages={147--158},
  year={2020},
  publisher={IEEE}
}

@article{owen2019importance,
  title={Importance sampling the union of rare events with an application to power systems analysis},
  author={Owen, Art B and Maximov, Yury and Chertkov, Michael},
  journal={Electronic Journal of Statistics},
  volume={13},
  number={1},
  pages={231--254},
  year={2019},
  publisher={The Institute of Mathematical Statistics and the Bernoulli Society}
}

@incollection{nemirovski2006scenario,
  title={Scenario approximations of chance constraints},
  author={Nemirovski, Arkadi and Shapiro, Alexander},
  booktitle={Probabilistic and randomized methods for design under uncertainty},
  pages={3--47},
  year={2006},
  publisher={Springer}
}

@inproceedings{roald2013analytical,
  title={Analytical reformulation of security constrained optimal power flow with probabilistic constraints},
  author={Roald, Line and Oldewurtel, Frauke and Krause, Thilo and Andersson, G{\"o}ran},
  booktitle={2013 IEEE Grenoble Conference},
  pages={1--6},
  year={2013},
  organization={IEEE}
}

@article{bienstock2014chance,
  title={Chance-constrained optimal power flow: Risk-aware network control under uncertainty},
  author={Bienstock, Daniel and Chertkov, Michael and Harnett, Sean},
  journal={SIAM Review},
  volume={56},
  number={3},
  pages={461--495},
  year={2014}
}

@article{lubin2015robust,
  title={A robust approach to chance constrained optimal power flow with renewable generation},
  author={Lubin, Miles and Dvorkin, Yury and Backhaus, Scott},
  journal={IEEE Transactions on Power Systems},
  volume={31},
  number={5},
  pages={3840--3849},
  year={2015},
}

@inproceedings{powermodels,
  author = {Carleton Coffrin and Russell Bent and Kaarthik Sundar and Yeesian Ng and Miles Lubin},
  title = {PowerModels.jl: An Open-Source Framework for Exploring Power Flow Formulations},
  booktitle = {2018 Power Systems Computation Conference },
  year = {2018},
  month = {June},
  pages = {1-8},
  doi = {10.23919/PSCC.2018.8442948}
}

@article{chatterjee2018sample,
  title={The sample size required in importance sampling},
  author={Chatterjee, Sourav and Diaconis, Persi and others},
  journal={The Annals of Applied Probability},
  volume={28},
  number={2},
  pages={1099--1135},
  year={2018}
}

@ARTICLE{pandapower.2018,
    author={L. Thurner and A. Scheidler and F. Sch{\"a}fer and J. Menke and J. Dollichon and F. Meier and S. Meinecke and M. Braun},
    journal={IEEE Transactions on Power Systems},
    title={{P}andapower â€” An Open-Source Python Tool for Convenient Modeling, Analysis, and Optimization of Electric Power Systems},
    year={2018},
    month={Nov},
    volume={33},
    number={6},
    pages={6510-6521},
    doi={10.1109/TPWRS.2018.2829021},
    ISSN={0885-8950}}
    
@misc{zhang2021properties,
      title={On the Properties of Kullback-Leibler Divergence Between Gaussians}, 
      author={Yufeng Zhang and Wanwei Liu and Zhenbang Chen and Kenli Li and Ji Wang},
      year={2021},
      eprint={2102.05485},
      archivePrefix={arXiv},
      primaryClass={cs.IT}
}