@INPROCEEDINGS{3contingencymethods,
  AUTHOR = {McCalley, J.D. and Xiao, Fei and Jiang, Yong and Chen, Qiming},
  BOOKTITLE = {Proceedings of the 13th International Conference on, Intelligent Systems Application to Power Systems},
  DATE = {2005},
  DOI = {10.1109/ISAP.2005.1599321},
  PAGES = {540--545},
  TITLE = {Computation of Contingency Probabilities for Electric Transmission Decision Problems},
}

@INPROCEEDINGS{agafonov2021accelerated,
  AUTHOR = {Agafonov, Artem and Dvurechensky, Pavel E. and Scutari, Gesualdo and Gasnikov, Alexander V. and Kamzolov, Dmitry and Lukashevich, Aleksandr and Daneshmand, Amir},
  PUBLISHER = {IEEE},
  URL = {https://doi.org/10.1109/CDC45484.2021.9683400},
  BOOKTITLE = {2021 60th {IEEE} Conference on Decision and Control (CDC), Austin, TX, USA, December 14-17, 2021},
  DATE = {2021},
  DOI = {10.1109/CDC45484.2021.9683400},
  PAGES = {2407--2413},
  TITLE = {An Accelerated Second-Order Method for Distributed Stochastic Optimization},
}

@INCOLLECTION{ahmed2008solving,
  AUTHOR = {Ahmed, Shabbir and Shapiro, Alexander},
  PUBLISHER = {Informs},
  BOOKTITLE = {State-of-the-art decision-making tools in the information-intensive age},
  DATE = {2008},
  PAGES = {261--269},
  TITLE = {Solving chance-constrained stochastic programs via sampling and integer programming},
}

@ARTICLE{anvari2016short,
  AUTHOR = {Anvari, Mehrnaz and Lohmann, Gerald and Wächter, Matthias and Milan, Patrick and Lorenz, Elke and Heinemann, Detlev and Tabar, M Reza Rahimi and Peinke, Joachim},
  PUBLISHER = {IOP Publishing},
  DATE = {2016},
  JOURNALTITLE = {New J. of Phys.},
  NUMBER = {6},
  PAGES = {063027},
  TITLE = {Short term fluctuations of wind and solar power systems},
  VOLUME = {18},
}

@ARTICLE{arregui2019generalized,
  AUTHOR = {Elvira, Víctor and Martino, Luca and García, David Luengo and Bugallo, Mónica F},
  DATE = {2019},
  JOURNALTITLE = {Statistical science},
  NUMBER = {1},
  PAGES = {129--155},
  TITLE = {Generalized Multiple Importance Sampling},
  VOLUME = {34},
}

@ARTICLE{bai2008semidefinite,
  AUTHOR = {Bai, Xiaoqing and Wei, Hua and Fujisawa, Katsuki and Wang, Yong},
  PUBLISHER = {Elsevier},
  DATE = {2008},
  JOURNALTITLE = {International Journal of Electrical Power \& Energy Systems},
  NUMBER = {6-7},
  PAGES = {383--392},
  TITLE = {Semidefinite programming for optimal power flow problems},
  VOLUME = {30},
}

@INPROCEEDINGS{bai2015improved,
  AUTHOR = {Bai, Wenlei and Eke, Ibrahim and Lee, Kwang Y},
  ORGANIZATION = {Ieee},
  BOOKTITLE = {2015 18th international conference on intelligent system application to power systems (ISAP)},
  DATE = {2015},
  PAGES = {1--6},
  TITLE = {Improved artificial bee colony based on orthognal learning for optimal power flow},
}

@ARTICLE{baros2021examining,
  AUTHOR = {Baros, Stefanos and Chen, Yu Christine and Dhople, Sairaj V},
  PUBLISHER = {IEEE},
  DATE = {2021},
  JOURNALTITLE = {IEEE Tr. on Power Systems},
  NUMBER = {5},
  PAGES = {4611--4620},
  TITLE = {Examining the economic optimality of automatic generation control},
  VOLUME = {36},
}

@ARTICLE{barrows2019ieee,
  AUTHOR = {Barrows, Clayton and Bloom, Aaron and Ehlen, Ali and Ikäheimo, Jussi and Jorgenson, Jennie and Krishnamurthy, Dheepak and Lau, Jessica and McBennett, Brendan and O’Connell, Matthew and Preston, Eugene and others},
  PUBLISHER = {IEEE},
  DATE = {2019},
  JOURNALTITLE = {IEEE Tr. on Power Systems},
  NUMBER = {1},
  PAGES = {119--127},
  TITLE = {The {IEEE} reliability test system: A proposed 2019 update},
  VOLUME = {35},
}

@BOOK{ben2001lectures,
  AUTHOR = {Ben-Tal, Aharon and Nemirovski, Arkadi},
  PUBLISHER = {SIAM},
  DATE = {2001},
  TITLE = {Lectures on modern convex optimization: analysis, algorithms, and engineering applications},
}

@ARTICLE{ben2002robust,
  AUTHOR = {Ben-Tal, Aharon and Nemirovski, Arkadi},
  PUBLISHER = {Springer},
  DATE = {2002},
  JOURNALTITLE = {Mathematical programming},
  PAGES = {453--480},
  TITLE = {Robust optimization--methodology and applications},
  VOLUME = {92},
}

@BOOK{ben2009robust,
  AUTHOR = {Ben-Tal, Aharon and El Ghaoui, Laurent and Nemirovski, Arkadi},
  PUBLISHER = {Princeton university press},
  DATE = {2009},
  TITLE = {Robust optimization},
  VOLUME = {28},
}

@INCOLLECTION{bernal2018mixed,
  AUTHOR = {Bernal, David E and Chen, Qi and Gong, Felicity and Grossmann, Ignacio E},
  PUBLISHER = {Elsevier},
  BOOKTITLE = {Computer Aided Chemical Engineering},
  DATE = {2018},
  PAGES = {895--900},
  TITLE = {Mixed-integer nonlinear decomposition toolbox for Pyomo (MindtPy)},
  VOLUME = {44},
}

@ARTICLE{bertsimas2011theory,
  AUTHOR = {Bertsimas, Dimitris and Brown, David B. and Caramanis, Constantine},
  URL = {https://doi.org/10.1137/080734510},
  DATE = {2011},
  DOI = {10.1137/080734510},
  JOURNALTITLE = {{SIAM} Rev.},
  NUMBER = {3},
  PAGES = {464--501},
  TITLE = {Theory and Applications of Robust Optimization},
  VOLUME = {53},
}

@ARTICLE{bertsimas2018robust,
  AUTHOR = {Bertsimas, Dimitris and Gupta, Vishal and Kallus, Nathan},
  URL = {https://doi.org/10.1007/s10107-017-1174-z},
  DATE = {2018},
  DOI = {10.1007/S10107-017-1174-Z},
  JOURNALTITLE = {Math. Program.},
  NUMBER = {1-2},
  PAGES = {217--282},
  TITLE = {Robust sample average approximation},
  VOLUME = {171},
}

@ARTICLE{bienstock2014chance,
  AUTHOR = {Bienstock, Daniel and Chertkov, Michael and Harnett, Sean},
  URL = {https://doi.org/10.1137/130910312},
  DATE = {2014},
  DOI = {10.1137/130910312},
  JOURNALTITLE = {{SIAM} Rev.},
  NUMBER = {3},
  PAGES = {461--495},
  TITLE = {Chance-Constrained Optimal Power Flow: Risk-Aware Network Control under Uncertainty},
  VOLUME = {56},
}

@ARTICLE{calafiore2005uncertain,
  AUTHOR = {Calafiore, Giuseppe Carlo and Campi, Marco C.},
  URL = {https://doi.org/10.1007/s10107-003-0499-y},
  DATE = {2005},
  DOI = {10.1007/S10107-003-0499-Y},
  JOURNALTITLE = {Math. Program.},
  NUMBER = {1},
  PAGES = {25--46},
  TITLE = {Uncertain convex programs: randomized solutions and confidence levels},
  VOLUME = {102},
}

@ARTICLE{calafiore2006scenario,
  AUTHOR = {Calafiore, Giuseppe Carlo and Campi, Marco C.},
  URL = {https://doi.org/10.1109/TAC.2006.875041},
  DATE = {2006},
  DOI = {10.1109/TAC.2006.875041},
  JOURNALTITLE = {{IEEE} Trans. Autom. Control.},
  NUMBER = {5},
  PAGES = {742--753},
  TITLE = {The scenario approach to robust control design},
  VOLUME = {51},
}

@ARTICLE{campi2011sampling,
  AUTHOR = {Campi, Marco C. and Garatti, Simone},
  URL = {https://doi.org/10.1007/s10957-010-9754-6},
  DATE = {2011},
  DOI = {10.1007/S10957-010-9754-6},
  JOURNALTITLE = {J. Optim. Theory Appl.},
  NUMBER = {2},
  PAGES = {257--280},
  TITLE = {A Sampling-and-Discarding Approach to Chance-Constrained Optimization: Feasibility and Optimality},
  VOLUME = {148},
}

@ARTICLE{capitanescu2007improving,
  AUTHOR = {Capitanescu, Florin and Wehenkel, Louis},
  PUBLISHER = {IEEE},
  DATE = {2007},
  JOURNALTITLE = {IEEE Tr. on Power Systems},
  NUMBER = {2},
  PAGES = {887--889},
  TITLE = {Improving the statement of the corrective security-constrained optimal power-flow problem},
  VOLUME = {22},
}

@ARTICLE{cappe2008adaptive,
  AUTHOR = {Cappé, Olivier and Douc, Randal and Guillin, Arnaud and Marin, Jean{-}Michel and Robert, Christian P.},
  URL = {https://doi.org/10.1007/s11222-008-9059-x},
  DATE = {2008},
  DOI = {10.1007/S11222-008-9059-X},
  JOURNALTITLE = {Stat. Comput.},
  NUMBER = {4},
  PAGES = {447--459},
  TITLE = {Adaptive importance sampling in general mixture classes},
  VOLUME = {18},
}

@ARTICLE{caramanis2011robust,
  AUTHOR = {Caramanis, Constantine and Mannor, Shie and Xu, Huan},
  DATE = {2011},
  TITLE = {Robust optimization in machine learning},
}

@ARTICLE{carpentier1962contribution,
  AUTHOR = {Carpentier, Jacques},
  DATE = {1962},
  JOURNALTITLE = {Bull. Soc. Fr. Elec. Ser.},
  PAGES = {431},
  TITLE = {Contribution a l'etude du dispatching economique},
  VOLUME = {3},
}

@ARTICLE{charnes1958cost,
  AUTHOR = {Charnes, Abraham and Cooper, William W and Symonds, Gifford H},
  PUBLISHER = {INFORMS},
  DATE = {1958},
  JOURNALTITLE = {Management science},
  NUMBER = {3},
  PAGES = {235--263},
  TITLE = {Cost horizons and certainty equivalents: an approach to stochastic programming of heating oil},
  VOLUME = {4},
}

@ARTICLE{chatterjee2018sample,
  AUTHOR = {Chatterjee, Sourav and Diaconis, Persi and others},
  DATE = {2018},
  JOURNALTITLE = {The Annals of Applied Probability},
  NUMBER = {2},
  PAGES = {1099--1135},
  TITLE = {The sample size required in importance sampling},
  VOLUME = {28},
}

@INPROCEEDINGS{chen2008probabilistic,
  AUTHOR = {Chen, Peiyuan and Chen, Zhe and Bak-Jensen, Birgitte},
  BOOKTITLE = {Third International Conference on Electric Utility Deregulation and Restructuring and Power Technologies},
  DATE = {2008},
  PAGES = {1586--1591},
  TITLE = {Probabilistic load flow: A review},
}

@ARTICLE{chen2018data,
  AUTHOR = {Chen, Zhi and Kuhn, Daniel and Wiesemann, Wolfram},
  DATE = {2018},
  JOURNALTITLE = {arXiv preprint arXiv:1809.00210},
  TITLE = {Data-driven chance constrained programs over Wasserstein balls},
}

@ARTICLE{chen2024data,
  AUTHOR = {Chen, Zhi and Kuhn, Daniel and Wiesemann, Wolfram},
  PUBLISHER = {INFORMS},
  DATE = {2024},
  JOURNALTITLE = {Operations Research},
  NUMBER = {1},
  PAGES = {410--424},
  TITLE = {Data-driven chance constrained programs over Wasserstein balls},
  VOLUME = {72},
}

@INPROCEEDINGS{coffrin2018powermodels,
  AUTHOR = {Coffrin, Carleton and Bent, Russell and Sundar, Kaarthik and Ng, Yeesian and Lubin, Miles},
  ORGANIZATION = {IEEE},
  BOOKTITLE = {2018 Power Systems Computation Conference},
  DATE = {2018},
  PAGES = {1--8},
  TITLE = {Powermodels. jl: An open-source framework for exploring power flow formulations},
}

@INPROCEEDINGS{contingencyMLE,
  AUTHOR = {Xiao, Fei and McCalley, James D. and Ou, Yan and Adams, John and Myers, Steven},
  BOOKTITLE = {2006 International Conference on Probabilistic Methods Applied to Power Systems},
  DATE = {2006},
  PAGES = {1--7},
  TITLE = {Contingency Probability Estimation Using Weather and Geographical Data for On-Line Security Assessment},
}

@ARTICLE{crucitti2005locating,
  AUTHOR = {Crucitti, Paolo and Latora, Vito and Marchiori, Massimo},
  PUBLISHER = {World Scientific},
  DATE = {2005},
  JOURNALTITLE = {Fluctuation and Noise Letters},
  NUMBER = {02},
  PAGES = {L201--L208},
  TITLE = {Locating critical lines in high-voltage electrical power grids},
  VOLUME = {5},
}

@INPROCEEDINGS{da1990probabilistic,
  AUTHOR = {Da Silva, AM Leite and Arienti, VL},
  ORGANIZATION = {IET},
  BOOKTITLE = {IEE Proceedings C (Generation, Transmission and Distribution)},
  DATE = {1990},
  NUMBER = {4},
  PAGES = {276--282},
  TITLE = {Probabilistic load flow by a multilinear simulation algorithm},
  VOLUME = {137},
}

@BOOK{de1983automatic,
  AUTHOR = {De Mello, FP and Undrill, JM},
  DATE = {1983},
  TITLE = {Automatic Generation Control},
}

@INPROCEEDINGS{dhople2012framework,
  AUTHOR = {Dhople, Sairaj V and Domínguez-García, Alejandro D},
  ORGANIZATION = {IEEE},
  BOOKTITLE = {2012 North American Power Symposium},
  DATE = {2012},
  PAGES = {1--6},
  TITLE = {A framework to determine the probability density function for the output power of wind farms},
}

@ARTICLE{diamond2016cvxpy,
  AUTHOR = {Diamond, Steven and Boyd, Stephen P.},
  URL = {https://jmlr.org/papers/v17/15-408.html},
  DATE = {2016},
  JOURNALTITLE = {J. Mach. Learn. Res.},
  PAGES = {83:1--83:5},
  TITLE = {{CVXPY:} {A} Python-Embedded Modeling Language for Convex Optimization},
  VOLUME = {17},
}

@ARTICLE{ding2016adjustable,
  AUTHOR = {Ding, Tao and Bie, Zhaohong and Bai, Linquan and Li, Fangxing},
  PUBLISHER = {Wiley Online Library},
  DATE = {2016},
  JOURNALTITLE = {IET Generation, Transmission \& Distrib.},
  NUMBER = {1},
  PAGES = {164--174},
  TITLE = {Adjustable robust optimal power flow with the price of robustness for large-scale power systems},
  VOLUME = {10},
}

@ARTICLE{draper2021practical,
  AUTHOR = {Draper, David and Guo, Erdong},
  DATE = {2021},
  JOURNALTITLE = {arXiv preprint arXiv:2111.12267},
  TITLE = {The Practical Scope of the Central Limit Theorem},
}

@INPROCEEDINGS{duchi2010composite,
  AUTHOR = {Duchi, John C. and Shalev{-}Shwartz, Shai and Singer, Yoram and Tewari, Ambuj},
  EDITOR = {Kalai, Adam Tauman and Mohri, Mehryar},
  PUBLISHER = {Omnipress},
  URL = {http://colt2010.haifa.il.ibm.com/papers/COLT2010proceedings.pdf\#page=22},
  BOOKTITLE = {{COLT} 2010 - The 23rd Conference on Learning Theory, Haifa, Israel, June 27-29, 2010},
  DATE = {2010},
  PAGES = {14--26},
  TITLE = {Composite Objective Mirror Descent},
}

@ARTICLE{dupavcova1990stability,
  AUTHOR = {Dupačová, Jitka},
  PUBLISHER = {Springer},
  DATE = {1990},
  JOURNALTITLE = {Annals of operations research},
  PAGES = {115--142},
  TITLE = {Stability and sensitivity-analysis for stochastic programming},
  VOLUME = {27},
}

@ARTICLE{dupavcova2003scenario,
  AUTHOR = {Dupacová, Jitka and Gröwe{-}Kuska, Nicole and Römisch, Werner},
  URL = {https://doi.org/10.1007/s10107-002-0331-0},
  DATE = {2003},
  DOI = {10.1007/S10107-002-0331-0},
  JOURNALTITLE = {Math. Program.},
  NUMBER = {3},
  PAGES = {493--511},
  TITLE = {Scenario reduction in stochastic programming},
  VOLUME = {95},
}

@ARTICLE{dvurechensky2022hyperfast,
  AUTHOR = {Dvurechensky, Pavel E. and Kamzolov, Dmitry and Lukashevich, Aleksandr and Lee, Soomin and Ordentlich, Erik and Uribe, César A. and Gasnikov, Alexander V.},
  URL = {https://doi.org/10.1016/j.ejco.2022.100045},
  DATE = {2022},
  DOI = {10.1016/J.EJCO.2022.100045},
  JOURNALTITLE = {{EURO} J. Comput. Optim.},
  PAGES = {100045},
  TITLE = {Hyperfast second-order local solvers for efficient statistically preconditioned distributed optimization},
  VOLUME = {10},
}

@BOOK{el2008electric,
  AUTHOR = {El-Sharkawi, Mohamed A},
  PUBLISHER = {CRC press},
  DATE = {2008},
  TITLE = {Electric energy: an introduction},
}

@ARTICLE{elvira2021advances,
  AUTHOR = {Elvira, Víctor and Martino, Luca},
  DATE = {2021},
  JOURNALTITLE = {arXiv preprint arXiv:2102.05407},
  TITLE = {Advances in importance sampling},
}

@ARTICLE{esfahani2017data,
  AUTHOR = {Esfahani, Peyman Mohajerin and Kuhn, Daniel},
  URL = {https://doi.org/10.1007/s10107-017-1172-1},
  DATE = {2018},
  DOI = {10.1007/S10107-017-1172-1},
  JOURNALTITLE = {Math. Program.},
  NUMBER = {1-2},
  PAGES = {115--166},
  TITLE = {Data-driven distributionally robust optimization using the Wasserstein metric: performance guarantees and tractable reformulations},
  VOLUME = {171},
}

@ARTICLE{fan2012hoeffding,
  AUTHOR = {Fan, Xiequan and Grama, Ion and Liu, Quansheng},
  PUBLISHER = {Elsevier},
  DATE = {2012},
  JOURNALTITLE = {Stochastic Processes and their Applications},
  NUMBER = {10},
  PAGES = {3545--3559},
  TITLE = {Hoeffding’s inequality for supermartingales},
  VOLUME = {122},
}

@ARTICLE{fedotov2003refinements,
  AUTHOR = {Fedotov, Alexei A. and Harremoës, Peter and Tops{ø}e, Flemming},
  URL = {https://doi.org/10.1109/TIT.2003.811927},
  DATE = {2003},
  DOI = {10.1109/TIT.2003.811927},
  JOURNALTITLE = {{IEEE} Trans. Inf. Theory},
  NUMBER = {6},
  PAGES = {1491--1498},
  TITLE = {Refinements of Pinsker's inequality},
  VOLUME = {49},
}

@ARTICLE{fernandez2016review,
  AUTHOR = {Fernandez, E and Albizu, I and Bedialauneta, MT and Mazon, AJ and Leite, Patricia T},
  PUBLISHER = {Elsevier},
  DATE = {2016},
  JOURNALTITLE = {Renewable and Sustainable Energy Reviews},
  PAGES = {80--92},
  TITLE = {Review of dynamic line rating systems for wind power integration},
  VOLUME = {53},
}

@ARTICLE{frangioni2008solving,
  AUTHOR = {Frangioni, Antonio and Gentile, Claudio and Lacalandra, Fabrizio},
  PUBLISHER = {Elsevier},
  DATE = {2008},
  JOURNALTITLE = {International Journal of Electrical Power \& Energy Systems},
  NUMBER = {5},
  PAGES = {316--326},
  TITLE = {Solving unit commitment problems with general ramp constraints},
  VOLUME = {30},
}

@ARTICLE{geng2019data,
  AUTHOR = {Geng, Xinbo and Xie, Le},
  PUBLISHER = {Elsevier},
  DATE = {2019},
  JOURNALTITLE = {Ann. rev. in control},
  PAGES = {341--363},
  TITLE = {Data-driven decision making in power systems with probabilistic guarantees: Theory and applications of chance-con- strained optimization},
  VOLUME = {47},
}

@ARTICLE{genz2020package,
  AUTHOR = {Genz, Alan and Bretz, Frank and Miwa, Tetsuhisa and Mi, Xuefei and Leisch, Friedrich and Scheipl, Fabian and Bornkamp, Bjoern and Maechler, Martin and Hothorn, Torsten and Hothorn, Maintainer Torsten},
  DATE = {2020},
  JOURNALTITLE = {J. of Computational and Graphical Statistics},
  PAGES = {950--971},
  TITLE = {Package ‘mvtnorm’},
  VOLUME = {11},
}

@ARTICLE{gielen2019role,
  AUTHOR = {Gielen, Dolf and Boshell, Francisco and Saygin, Deger and Bazilian, Morgan D and Wagner, Nicholas and Gorini, Ricardo},
  DATE = {2019},
  JOURNALTITLE = {Energy Strategy Reviews},
  PAGES = {38--50},
  TITLE = {The role of renewable energy in the global energy transformation},
  VOLUME = {24},
}

@ARTICLE{golden2003senate,
  AUTHOR = {Golden, Kevin S},
  PUBLISHER = {HeinOnline},
  DATE = {2003},
  JOURNALTITLE = {Ecology LQ},
  PAGES = {693},
  TITLE = {Senate bill 1078: The renewable portfolio standard-California asserts its renewable energy leadership},
  VOLUME = {30},
}

@MISC{grabar2023longterm,
  AUTHOR = {Grabar, Vsevolod and Marusov, Alexander and Maximov, Yury and Sotiriadi, Nazar and Bulkin, Alexander and Zaytsev, Alexey},
  DATE = {2023},
  HOWPUBLISHED = {In Reveiw},
  TITLE = {Long Term Drought Prediction using Deep Neural Networks based on Geospatial Weather Data},
}

@ARTICLE{hak2016sustainable,
  AUTHOR = {Hák, Tomáš and Janoušková, Svatava and Moldan, Bedřich},
  PUBLISHER = {Elsevier},
  DATE = {2016},
  JOURNALTITLE = {Ecological indicators},
  PAGES = {565--573},
  TITLE = {Sustainable Development Goals: A need for relevant indicators},
  VOLUME = {60},
}

@ARTICLE{harjanne2019abandoning,
  AUTHOR = {Harjanne, Atte and Korhonen, Janne M},
  DATE = {2019},
  JOURNALTITLE = {Energy policy},
  PAGES = {330--340},
  TITLE = {Abandoning the concept of renewable energy},
  VOLUME = {127},
}

@BOOK{hart2017pyomo,
  AUTHOR = {Hart, William E and Laird, Carl D and Watson, Jean-Paul and Woodruff, David L and Hackebeil, Gabriel A and Nicholson, Bethany L and Siirola, John D and others},
  PUBLISHER = {Springer},
  DATE = {2017},
  TITLE = {Pyomo-optimization modeling in python},
  VOLUME = {67},
}

@ARTICLE{he2014optimal,
  AUTHOR = {He, Hera Y and Owen, Art B},
  DATE = {2014},
  JOURNALTITLE = {arXiv preprint arXiv:1411.3954},
  TITLE = {Optimal mixture weights in multiple importance sampling},
}

@ARTICLE{heitsch2003scenario,
  AUTHOR = {Heitsch, Holger and Römisch, Werner},
  URL = {https://doi.org/10.1023/A:1021805924152},
  DATE = {2003},
  DOI = {10.1023/A:1021805924152},
  JOURNALTITLE = {Comput. Optim. Appl.},
  NUMBER = {2-3},
  PAGES = {187--206},
  TITLE = {Scenario Reduction Algorithms in Stochastic Programming},
  VOLUME = {24},
}

@ARTICLE{huangfu2018parallelizing,
  AUTHOR = {Huangfu, Qi and Hall, J. A. J.},
  URL = {https://doi.org/10.1007/s12532-017-0130-5},
  DATE = {2018},
  DOI = {10.1007/S12532-017-0130-5},
  JOURNALTITLE = {Math. Program. Comput.},
  NUMBER = {1},
  PAGES = {119--142},
  TITLE = {Parallelizing the dual revised simplex method},
  VOLUME = {10},
}

@INPROCEEDINGS{iea2024electricity,
  AUTHOR = {IEA},
  URL = {https://www.iea.org/reports/electricity-2024},
  DATE = {2024},
  TITLE = {Electricity},
}

@ARTICLE{ji2021data,
  AUTHOR = {Ji, Ran and Lejeune, Miguel A.},
  URL = {https://doi.org/10.1007/s10898-020-00966-0},
  DATE = {2021},
  DOI = {10.1007/S10898-020-00966-0},
  JOURNALTITLE = {J. Glob. Optim.},
  NUMBER = {4},
  PAGES = {779--811},
  TITLE = {Data-driven distributionally robust chance-constrained optimization with Wasserstein metric},
  VOLUME = {79},
}

@ARTICLE{jia2021iterative,
  AUTHOR = {Jia, Mengshuo and Hug, Gabriela and Shen, Chen},
  URL = {https://arxiv.org/abs/2010.11746},
  DATE = {2020},
  EPRINT = {2010.11746},
  EPRINTTYPE = {arXiv},
  JOURNALTITLE = {CoRR},
  TITLE = {Iterative Decomposition of Joint Chance Constraints in {OPF}},
}

@ARTICLE{juditsky2011first,
  AUTHOR = {Juditsky, Anatoli and Nemirovski, Arkadi and others},
  DATE = {2011},
  JOURNALTITLE = {Optimization for Machine Learning},
  NUMBER = {2011},
  PAGES = {121},
  TITLE = {First order methods for nonsmooth convex large-scale optimization, i: general purpose methods},
}

@INPROCEEDINGS{kaufmann2012bayesian,
  AUTHOR = {Kaufmann, Emilie and Cappé, Olivier and Garivier, Aurélien},
  EDITOR = {Lawrence, Neil D. and Girolami, Mark A.},
  PUBLISHER = {JMLR.org},
  URL = {http://proceedings.mlr.press/v22/kaufmann12.html},
  BOOKTITLE = {Proceedings of the Fifteenth International Conference on Artificial Intelligence and Statistics, {AISTATS} 2012, La Palma, Canary Islands, Spain, April 21-23, 2012},
  DATE = {2012},
  PAGES = {592--600},
  SERIES = {{JMLR} Proceedings},
  TITLE = {On Bayesian Upper Confidence Bounds for Bandit Problems},
  VOLUME = {22},
}

@ARTICLE{keutchayan2023problem,
  AUTHOR = {Keutchayan, Julien and Ortmann, Janosch and Rei, Walter},
  URL = {https://doi.org/10.1007/s10287-023-00446-2},
  DATE = {2023},
  DOI = {10.1007/S10287-023-00446-2},
  JOURNALTITLE = {Comput. Manag. Sci.},
  NUMBER = {1},
  PAGES = {13},
  TITLE = {Problem-driven scenario clustering in stochastic optimization},
  VOLUME = {20},
}

@ARTICLE{khachiyan1989problem,
  AUTHOR = {Khachiyan, Leonid Genrikhovich},
  DATE = {1989},
  JOURNALTITLE = {Russian Mathematical Surveys},
  NUMBER = {3},
  PAGES = {199},
  TITLE = {The problem of calculating the volume of a polyhedron is enumerably hard},
  VOLUME = {44},
}

@ARTICLE{kirchhoff1847ueber,
  AUTHOR = {Kirchhoff, Gustav},
  PUBLISHER = {WILEY-VCH Verlag Leipzig},
  DATE = {1847},
  JOURNALTITLE = {Annalen der Physik},
  NUMBER = {12},
  PAGES = {497--508},
  TITLE = {Ueber die Auflösung der Gleichungen, auf welche man bei der Untersuchung der linearen Vertheilung galvanischer Ströme geführt wird},
  VOLUME = {148},
}

@ARTICLE{kroposki2017achieving,
  AUTHOR = {Kroposki, Benjamin and Johnson, Brian and Zhang, Yingchen and Gevorgian, Vahan and Denholm, Paul and Hodge, Bri-Mathias and Hannegan, Bryan},
  PUBLISHER = {IEEE},
  DATE = {2017},
  JOURNALTITLE = {IEEE Power and Energy Magazine},
  NUMBER = {2},
  PAGES = {61--73},
  TITLE = {Achieving a 100\% renewable grid: operating electric power systems with extremely high levels of variable renewable energy},
  VOLUME = {15},
}

@BOOK{l2009monte,
  AUTHOR = {L'Ecuyer, Pierre and Owen, Art B},
  PUBLISHER = {Springer},
  DATE = {2009},
  TITLE = {Monte Carlo and Quasi-Monte Carlo Methods 2008},
}

@BOOK{lan2020first,
  AUTHOR = {Lan, Guanghui},
  PUBLISHER = {Springer},
  DATE = {2020},
  TITLE = {First-order and Stochastic Optimization Methods for Machine Learning},
}

@ARTICLE{lavaei2011zero,
  AUTHOR = {Lavaei, Javad and Low, Steven H},
  PUBLISHER = {IEEE},
  DATE = {2011},
  JOURNALTITLE = {IEEE Transactions on Power systems},
  NUMBER = {1},
  PAGES = {92--107},
  TITLE = {Zero duality gap in optimal power flow problem},
  VOLUME = {27},
}

@ARTICLE{lee2019convex,
  AUTHOR = {Lee, Dongchan and Nguyen, Hung D. and Dvijotham, Krishnamurthy and Turitsyn, Konstantin S.},
  URL = {https://doi.org/10.1109/TCNS.2019.2930896},
  DATE = {2019},
  DOI = {10.1109/TCNS.2019.2930896},
  JOURNALTITLE = {{IEEE} Trans. Control. Netw. Syst.},
  NUMBER = {3},
  PAGES = {1235--1245},
  TITLE = {Convex Restriction of Power Flow Feasibility Sets},
  VOLUME = {6},
}

@INPROCEEDINGS{liang2016emerging,
  AUTHOR = {Liang, Xiaodong},
  PUBLISHER = {IEEE},
  URL = {https://doi.org/10.1109/IAS.2016.7731973},
  BOOKTITLE = {2016 {IEEE} Industry Applications Society Annual Meeting, Portland, OR, USA, October 2-6, 2016},
  DATE = {2016},
  DOI = {10.1109/IAS.2016.7731973},
  PAGES = {1--9},
  TITLE = {Emerging power quality challenges due to integration of renewable energy sources},
}

@ARTICLE{liang2020scenario,
  AUTHOR = {Liang, Junkai and Tang, Wenyuan},
  URL = {https://doi.org/10.1109/TSG.2020.3047759},
  DATE = {2021},
  DOI = {10.1109/TSG.2020.3047759},
  JOURNALTITLE = {{IEEE} Trans. Smart Grid},
  NUMBER = {3},
  PAGES = {2652--2662},
  TITLE = {Scenario Reduction for Stochastic Day-Ahead Scheduling: {A} Mixed Autoencoder Based Time-Series Clustering Approach},
  VOLUME = {12},
}

@INPROCEEDINGS{lou2019multi,
  AUTHOR = {Lou, Xiansi and Zhang, Jianlian and Guo, Chuangxin and Tao, Hongfei and Yang, Caiming and Zhang, Jianguang},
  ORGANIZATION = {IEEE},
  BOOKTITLE = {2019 IEEE Power \& Energy Society General Meeting (PESGM)},
  DATE = {2019},
  PAGES = {1--5},
  TITLE = {Multi-stage Security Constrained OPF Using Dynamic Thermal Rating},
}

@ARTICLE{lubin2015robust,
  AUTHOR = {Lubin, Miles and Dvorkin, Yury and Backhaus, Scott},
  DATE = {2015},
  JOURNALTITLE = {IEEE Tr. on Power Syst.},
  NUMBER = {5},
  PAGES = {3840--3849},
  TITLE = {A robust approach to chance constrained optimal power flow with renewable generation},
  VOLUME = {31},
}

@ARTICLE{lukashevich2021importance,
  AUTHOR = {Lukashevich, Aleksander and Gorchakov, Vyacheslav and Vorobev, Petr and Deka, Deepjyoti and Maximov, Yury},
  URL = {https://doi.org/10.1109/TCNS.2023.3330232},
  DATE = {2024},
  DOI = {10.1109/TCNS.2023.3330232},
  JOURNALTITLE = {{IEEE} Trans. Control. Netw. Syst.},
  NUMBER = {2},
  PAGES = {928--937},
  TITLE = {Importance Sampling Approach to Chance-Constrained {DC} Optimal Power Flow},
  VOLUME = {11},
}

@ARTICLE{lukashevich2021power,
  AUTHOR = {Lukashevich, Aleksandr and Maximov, Yury},
  URL = {https://doi.org/10.1109/LCSYS.2021.3088402},
  DATE = {2022},
  DOI = {10.1109/LCSYS.2021.3088402},
  JOURNALTITLE = {{IEEE} Control. Syst. Lett.},
  PAGES = {1010--1015},
  TITLE = {Power Grid Reliability Estimation via Adaptive Importance Sampling},
  VOLUME = {6},
}

@ARTICLE{lukashevich2023importance,
  AUTHOR = {Lukashevich, Aleksandr and Bulkin, Aleksandr and Maximov, Yury},
  URL = {https://doi.org/10.1109/LCSYS.2024.3413367},
  DATE = {2024},
  DOI = {10.1109/LCSYS.2024.3413367},
  JOURNALTITLE = {{IEEE} Control. Syst. Lett.},
  PAGES = {1613--1618},
  TITLE = {A-Priori Reduction of Scenario Approximation for Automated Generation Control in High-Voltage Power Grids With Renewable Energy},
  VOLUME = {8},
}

@BOOK{machowski2020power,
  AUTHOR = {Machowski, Jan and Lubosny, Zbigniew and Bialek, Janusz W and Bumby, James R},
  PUBLISHER = {John Wiley \& Sons},
  DATE = {2020},
  TITLE = {Power system dynamics: stability and control},
}

@ARTICLE{mezghani2020stochastic,
  AUTHOR = {Mezghani, Ilyès and Misra, Sidhant and Deka, Deepjyoti},
  URL = {http://arxiv.org/abs/1910.09144},
  DATE = {2019},
  EPRINT = {1910.09144},
  EPRINTTYPE = {arXiv},
  JOURNALTITLE = {CoRR},
  TITLE = {Stochastic {AC} Optimal Power Flow: {A} Data-Driven Approach},
}

@ARTICLE{mitrovic2023data,
  AUTHOR = {Mitrovic, Mile and Lukashevich, Aleksandr and Vorobev, Petr and Terzija, Vladimir and Budennyy, Semen and Maximov, Yury and Deka, Deepjyoti},
  PUBLISHER = {Elsevier},
  DATE = {2023},
  JOURNALTITLE = {International Journal of Electrical Power \& Energy Systems},
  PAGES = {109249},
  TITLE = {Data-driven stochastic AC-OPF using Gaussian process regression},
  VOLUME = {152},
}

@INPROCEEDINGS{mitrovic2023fast,
  AUTHOR = {Mitrovic, Mile and Lukashevich, Aleksandr and Vorobev, Petr and Terzija, Vladimir and Maximov, Yury and Deka, Deepjyoti},
  ORGANIZATION = {IEEE},
  BOOKTITLE = {2023 IEEE Belgrade PowerTech},
  DATE = {2023},
  PAGES = {1--7},
  TITLE = {Fast Data-Driven Chance Constrained AC-OPF Using Hybrid Sparse Gaussian Processes},
}

@ARTICLE{mitrovic2023gp,
  AUTHOR = {Mitrovic, Mile and Kundacina, Ognjen and Lukashevich, Aleksandr and Budennyy, Semen A. and Vorobev, Petr and Terzija, Vladimir V. and Maximov, Yury and Deka, Deepjyoti},
  URL = {https://doi.org/10.1016/j.simpa.2023.100489},
  DATE = {2023},
  DOI = {10.1016/J.SIMPA.2023.100489},
  JOURNALTITLE = {Softw. Impacts},
  PAGES = {100489},
  TITLE = {{GP} {CC-OPF:} Gaussian Process based optimization tool for Chance-Constrained Optimal Power Flow},
  VOLUME = {16},
}

@INPROCEEDINGS{molzahn2014investigation,
  AUTHOR = {Molzahn, Daniel K. and Lesieutre, Bernard C. and DeMarco, Christopher L.},
  PUBLISHER = {{IEEE} Computer Society},
  URL = {https://doi.org/10.1109/HICSS.2014.293},
  BOOKTITLE = {47th Hawaii International Conference on System Sciences, {HICSS} 2014, Waikoloa, HI, USA, January 6-9, 2014},
  DATE = {2014},
  DOI = {10.1109/HICSS.2014.293},
  PAGES = {2325--2334},
  TITLE = {Investigation of Non-zero Duality Gap Solutions to a Semidefinite Relaxation of the Optimal Power Flow Problem},
}

@ARTICLE{montecarlofeasibility,
  AUTHOR = {M. Marsadek, A. Mohamed and Norpiah, Z.M.},
  DATE = {2011},
  JOURNALTITLE = {Journal of Applied Sciences, 11: 300-307},
  NUMBER = {11},
  PAGES = {300--307},
  TITLE = {Risk of Static Security Assessment of a Power System using Non-sequential Monte Carlo Simulation},
}

@ARTICLE{monticelli1987security,
  AUTHOR = {Monticelli, A and Pereira, MVF and Granville, S},
  PUBLISHER = {IEEE},
  DATE = {1987},
  JOURNALTITLE = {IEEE Tr. on Power Systems},
  NUMBER = {1},
  PAGES = {175--180},
  TITLE = {Security-constrained optimal power flow with post-contingency corrective rescheduling},
  VOLUME = {2},
}

@INCOLLECTION{morlet1983sampling,
  AUTHOR = {Morlet, Jean},
  PUBLISHER = {Springer},
  BOOKTITLE = {Issues in acoustic Signal processing and recognition},
  DATE = {1983},
  PAGES = {233--261},
  TITLE = {Sampling theory and wave propagation},
}

@ARTICLE{morozov2023cmip,
  AUTHOR = {Morozov, Vsevolod and Galliamov, Artem and Lukashevich, Aleksandr and Kurdukova, Antonina and Maximov, Yury},
  URL = {https://doi.org/10.48550/arXiv.2311.03370},
  DATE = {2023},
  DOI = {10.48550/ARXIV.2311.03370},
  EPRINT = {2311.03370},
  EPRINTTYPE = {arXiv},
  JOURNALTITLE = {CoRR},
  TITLE = {{CMIP} {X-MOS:} Improving Climate Models with Extreme Model Output Statistics},
}

@MISC{mozikov2023accessing,
  AUTHOR = {Mozikov, Mikhail and Makarov, Ilya and Bulkin, Alexandr and Taniushkina, Daria and Grinis, Roland and Maximov, Yury},
  DATE = {2023},
  HOWPUBLISHED = {In Review},
  TITLE = {Accessing Convective Hazards Frequency Shift under Climate Change with Physics-Informed Machine Learning},
}

@INPROCEEDINGS{nemirovski2001lectures,
  AUTHOR = {Nemirovski, Arkadi},
  BOOKTITLE = {Society for Industrial and Applied Mathematics (SIAM)},
  DATE = {2001},
  TITLE = {Lectures on modern convex optimization},
}

@INCOLLECTION{nemirovski2006scenario,
  AUTHOR = {Nemirovski, Arkadi and Shapiro, Alexander},
  PUBLISHER = {Springer},
  BOOKTITLE = {Probabilistic and randomized methods for design under uncertainty},
  DATE = {2006},
  PAGES = {3--47},
  TITLE = {Scenario approximations of chance constraints},
}

@ARTICLE{nemirovski2007convex,
  AUTHOR = {Nemirovski, Arkadi and Shapiro, Alexander},
  URL = {https://doi.org/10.1137/050622328},
  DATE = {2006},
  DOI = {10.1137/050622328},
  JOURNALTITLE = {{SIAM} J. Optim.},
  NUMBER = {4},
  PAGES = {969--996},
  TITLE = {Convex Approximations of Chance Constrained Programs},
  VOLUME = {17},
}

@ARTICLE{nemirovski2009robust,
  AUTHOR = {Nemirovski, Arkadi and Juditsky, Anatoli B. and Lan, Guanghui and Shapiro, Alexander},
  URL = {https://doi.org/10.1137/070704277},
  DATE = {2009},
  DOI = {10.1137/070704277},
  JOURNALTITLE = {{SIAM} J. Optim.},
  NUMBER = {4},
  PAGES = {1574--1609},
  TITLE = {Robust Stochastic Approximation Approach to Stochastic Programming},
  VOLUME = {19},
}

@ARTICLE{nemirovski2012safe,
  AUTHOR = {Nemirovski, Arkadi},
  URL = {https://doi.org/10.1016/j.ejor.2011.11.006},
  DATE = {2012},
  DOI = {10.1016/J.EJOR.2011.11.006},
  JOURNALTITLE = {Eur. J. Oper. Res.},
  NUMBER = {3},
  PAGES = {707--718},
  TITLE = {On safe tractable approximations of chance constraints},
  VOLUME = {219},
}

@INPROCEEDINGS{Oki2012GLPKL,
  AUTHOR = {Oki, Eiji},
  URL = {https://api.semanticscholar.org/CorpusID:63578694},
  DATE = {2012},
  TITLE = {GLPK (GNU Linear Programming Kit)},
}

@ARTICLE{owen2000safe,
  AUTHOR = {Owen, Art and Zhou, Yi},
  PUBLISHER = {Taylor \& Francis Group},
  DATE = {2000},
  JOURNALTITLE = {Journal of the American Statistical Association},
  NUMBER = {449},
  PAGES = {135--143},
  TITLE = {Safe and effective importance sampling},
  VOLUME = {95},
}

@ARTICLE{owen2019importance,
  AUTHOR = {Owen, Art B. and Maximov, Yury and Chertkov, Michael},
  URL = {http://arxiv.org/abs/1710.06965},
  DATE = {2017},
  EPRINT = {1710.06965},
  EPRINTTYPE = {arXiv},
  JOURNALTITLE = {CoRR},
  TITLE = {Importance sampling the union of rare events with an application to power systems analysis},
}

@INPROCEEDINGS{pakhira2014linear,
  AUTHOR = {Pakhira, Malay K},
  ORGANIZATION = {IEEE},
  BOOKTITLE = {2014 international conference on computational intelligence and communication networks},
  DATE = {2014},
  PAGES = {1047--1051},
  TITLE = {A linear time-complexity k-means algorithm using cluster shifting},
}

@ARTICLE{pandapower.2018,
  AUTHOR = {Thurner, L. and Scheidler, A. and Schäfer, F. and Menke, J. and Dollichon, J. and Meier, F. and Meinecke, S. and Braun, M.},
  DATE = {2018},
  DOI = {10.1109/TPWRS.2018.2829021},
  ISSN = {0885-8950},
  JOURNALTITLE = {IEEE Tr. on Power Syst.},
  NUMBER = {6},
  PAGES = {6510--6521},
  TITLE = {{P}andapower — An Open-Source Python Tool for Convenient Modeling, Analysis, and Optimization of Electric Power Systems},
  VOLUME = {33},
}

@ARTICLE{pena2020dc,
  AUTHOR = {Pena-Ordieres, Alejandra and Molzahn, Daniel K and Roald, Line A and Wächter, Andreas},
  PUBLISHER = {IEEE},
  DATE = {2020},
  JOURNALTITLE = {IEEE Tr. on Power Syst.},
  NUMBER = {1},
  PAGES = {147--158},
  TITLE = {{DC} optimal power flow with joint chance constraints},
  VOLUME = {36},
}

@ARTICLE{polyak1987introduction,
  AUTHOR = {Polyak, Boris T},
  PUBLISHER = {New York, Optimization Software},
  DATE = {1987},
  PAGES = {253--268},
  TITLE = {Introduction to optimization},
}

@ARTICLE{powermodels,
  AUTHOR = {Coffrin, Carleton and Bent, Russell and Sundar, Kaarthik and Ng, Yeesian and Lubin, Miles},
  URL = {http://arxiv.org/abs/1711.01728},
  DATE = {2017},
  EPRINT = {1711.01728},
  EPRINTTYPE = {arXiv},
  JOURNALTITLE = {CoRR},
  TITLE = {PowerModels.jl: An Open-Source Framework for Exploring Power Flow Formulations},
}

@ARTICLE{prusty2017critical,
  AUTHOR = {Prusty, B Rajanarayan and Jena, Debashisha},
  PUBLISHER = {Elsevier},
  DATE = {2017},
  JOURNALTITLE = {Renewable and Sustainable Energy Reviews},
  PAGES = {1286--1302},
  TITLE = {A critical review on probabilistic load flow studies in uncertainty constrained power systems with photovoltaic generation and a new approach},
  VOLUME = {69},
}

@INPROCEEDINGS{roald2013analytical,
  AUTHOR = {Roald, Line and Oldewurtel, Frauke and Krause, Thilo and Andersson, Göran},
  ORGANIZATION = {IEEE},
  BOOKTITLE = {2013 IEEE Grenoble Conference},
  DATE = {2013},
  PAGES = {1--6},
  TITLE = {Analytical reformulation of security constrained optimal power flow with probabilistic constraints},
}

@ARTICLE{roald2017chance,
  AUTHOR = {Roald, Line and Andersson, Göran},
  PUBLISHER = {IEEE},
  DATE = {2017},
  JOURNALTITLE = {IEEE Tr. on Power Systems},
  NUMBER = {3},
  PAGES = {2906--2918},
  TITLE = {Chance-constrained AC optimal power flow: Reformulations and efficient algorithms},
  VOLUME = {33},
}

@ARTICLE{rouaud2013probability,
  AUTHOR = {Rouaud, Mathieu},
  DATE = {2013},
  JOURNALTITLE = {Propagation of uncertainties},
  PAGES = {1110},
  TITLE = {Probability, statistics and estimation},
  VOLUME = {191},
}

@BOOK{rubinstein2013cross,
  AUTHOR = {Rubinstein, Reuven Y and Kroese, Dirk P},
  PUBLISHER = {Springer Science \& Business Media},
  DATE = {2013},
  TITLE = {The cross-entropy method: a unified approach to combinatorial optimization, Monte-Carlo simulation and machine learning},
}

@ARTICLE{rujeerapaiboon2022scenario,
  AUTHOR = {Rujeerapaiboon, Napat and Schindler, Kilian and Kuhn, Daniel and Wiesemann, Wolfram},
  URL = {https://doi.org/10.1007/s10107-018-1269-1},
  DATE = {2022},
  DOI = {10.1007/S10107-018-1269-1},
  JOURNALTITLE = {Math. Program.},
  NUMBER = {1},
  PAGES = {207--242},
  TITLE = {Scenario reduction revisited: fundamental limits and guarantees},
  VOLUME = {191},
}

@ARTICLE{ryu2014adaptive,
  AUTHOR = {Ryu, Ernest K and Boyd, Stephen P},
  DATE = {2014},
  JOURNALTITLE = {arXiv preprint arXiv:1412.4845},
  TITLE = {Adaptive importance sampling via stochastic convex programming},
}

@ARTICLE{sahinidis2004optimization,
  AUTHOR = {Sahinidis, Nikolaos V.},
  URL = {https://doi.org/10.1016/j.compchemeng.2003.09.017},
  DATE = {2004},
  DOI = {10.1016/J.COMPCHEMENG.2003.09.017},
  JOURNALTITLE = {Comput. Chem. Eng.},
  NUMBER = {6-7},
  PAGES = {971--983},
  TITLE = {Optimization under uncertainty: state-of-the-art and opportunities},
  VOLUME = {28},
}

@ARTICLE{schmietendorf2017impact,
  AUTHOR = {Schmietendorf, Katrin and Peinke, Joachim and Kamps, Oliver},
  PUBLISHER = {Springer},
  DATE = {2017},
  JOURNALTITLE = {The European Physical Journal B},
  NUMBER = {11},
  PAGES = {1--6},
  TITLE = {The impact of turbulent renewable energy production on power grid stability and quality},
  VOLUME = {90},
}

@ARTICLE{scholz2011central,
  AUTHOR = {Scholz, FW},
  DATE = {2011},
  JOURNALTITLE = {Lecture Notes, Univ. Washington},
  TITLE = {Central Limit Theorems and Proofs},
}

@ARTICLE{sen1992relaxations,
  AUTHOR = {Sen, Suvrajeet},
  URL = {https://doi.org/10.1016/0167-6377(92)90037-4},
  DATE = {1992},
  DOI = {10.1016/0167-6377(92)90037-4},
  JOURNALTITLE = {Oper. Res. Lett.},
  NUMBER = {2},
  PAGES = {81--86},
  TITLE = {Relaxations for probabilistically constrained programs with discrete random variables},
  VOLUME = {11},
}

@ARTICLE{seri2013scenario,
  AUTHOR = {Seri, Raffaello and Choirat, Christine},
  URL = {https://doi.org/10.1007/s10957-012-0230-3},
  DATE = {2013},
  DOI = {10.1007/S10957-012-0230-3},
  JOURNALTITLE = {J. Optim. Theory Appl.},
  NUMBER = {2},
  PAGES = {590--614},
  TITLE = {Scenario Approximation of Robust and Chance-Constrained Programs},
  VOLUME = {158},
}

@ARTICLE{shapiro1965analysis,
  AUTHOR = {Shapiro, Samuel Sanford and Wilk, Martin B},
  PUBLISHER = {Oxford University Press},
  DATE = {1965},
  JOURNALTITLE = {Biometrika},
  NUMBER = {3-4},
  PAGES = {591--611},
  TITLE = {An analysis of variance test for normality (complete samples)},
  VOLUME = {52},
}

@MISC{shevchenko2023climate,
  AUTHOR = {Shevchenko, Valeriy and Lukashevich, Aleksander and Bulkin, Aleksandr and Grinis, Roland and Kovalev, Kirill and Narozhnaia, Veronika and Sotiriadi, Nazar and Krenke, Alexander and Maximov, Yury},
  DATE = {2023},
  HOWPUBLISHED = {In Review},
  TITLE = {Climate Change Impact on Agricultural Land Suitability: A Machine Learning-Based Eurasia Case Study},
}

@MISC{shevchenko2023food,
  AUTHOR = {Shevchenko, Valeriy and Lukashevich, Aleksander and Bulkin, Aleksandr and Grinis, Roland and Kovalev, Kirill and Narozhnaia, Veronika and Sotiriadi, Nazar and Krenke, Alexander and Maximov, Yury},
  HOWPUBLISHED = {In Review},
  TITLE = {Climate Change and Future Food Security: Predicting the Extent of Cropland Gain or Degradation},
}

@ARTICLE{shevchenko2024climate,
  AUTHOR = {Shevchenko, Valeriy and Lukashevich, Aleksandr and Taniushkina, Daria and Bulkin, Alexander and Grinis, Roland and Kovalev, Kirill and Narozhnaia, Veronika and Sotiriadi, Nazar and Krenke, Alexander and Maximov, Yury},
  URL = {https://doi.org/10.1109/ACCESS.2024.3358865},
  DATE = {2024},
  DOI = {10.1109/ACCESS.2024.3358865},
  JOURNALTITLE = {{IEEE} Access},
  PAGES = {15748--15763},
  TITLE = {Climate Change Impact on Agricultural Land Suitability: An Interpretable Machine Learning-Based Eurasia Case Study},
  VOLUME = {12},
}

@ARTICLE{simonovits2003compute,
  AUTHOR = {Simonovits, Miklós},
  URL = {https://doi.org/10.1007/s10107-003-0447-x},
  DATE = {2003},
  DOI = {10.1007/S10107-003-0447-X},
  JOURNALTITLE = {Math. Program.},
  NUMBER = {1-2},
  PAGES = {337--374},
  TITLE = {How to compute the volume in high dimension?},
  VOLUME = {97},
}

@INPROCEEDINGS{singh2006power,
  AUTHOR = {Singh, Chanan and Luo, Xiaochuan and Kim, Hyungchul},
  ORGANIZATION = {IEEE},
  BOOKTITLE = {2006 International Conference on Probabilistic Methods Applied to Power Systems},
  DATE = {2006},
  PAGES = {1--9},
  TITLE = {Power system adequacy and security calculations using Monte Carlo simulation incorporating intelligent system methodology},
}

@ARTICLE{sousa2010robust,
  AUTHOR = {Sousa, Andréa A and Torres, Geraldo L and Canizares, Claudio A},
  PUBLISHER = {IEEE},
  DATE = {2010},
  JOURNALTITLE = {IEEE Tr. on Power Systems},
  NUMBER = {2},
  PAGES = {487--499},
  TITLE = {Robust optimal power flow solution using trust region and interior-point methods},
  VOLUME = {26},
}

@INPROCEEDINGS{stott2012optimal,
  AUTHOR = {Stott, Brian and Alsaç, Ongun},
  BOOKTITLE = {SEPOPE XII Symposium, Rio de Janeiro, Brazil},
  DATE = {2012},
  PAGES = {1--10},
  TITLE = {Optimal power flow: Basic requirements for real-life problems and their solutions},
  VOLUME = {11},
}

@ARTICLE{su2005probabilistic,
  AUTHOR = {Su, Chun-Lien},
  PUBLISHER = {IEEE},
  DATE = {2005},
  JOURNALTITLE = {IEEE Tr. on Power Systems},
  NUMBER = {4},
  PAGES = {1843--1851},
  TITLE = {Probabilistic load-flow computation using point estimate method},
  VOLUME = {20},
}

@ARTICLE{tanuishkina2024scirep,
  AUTHOR = {Taniushkina, Daria and Lukashevich, Aleksander and Shevchenko, Valeriy et al},
  PUBLISHER = {Nature Portfolio},
  DATE = {2024},
  JOURNALTITLE = {Scientific Reports (in press)},
  PAGES = {0},
  TITLE = {Case Study on Climate Change Effects and Food Security in Southeast Asia},
}

@ARTICLE{thellufsen2016roles,
  AUTHOR = {Thellufsen, Jakob Zinck and Lund, Henrik},
  DATE = {2016},
  JOURNALTITLE = {Applied Energy},
  PAGES = {419--429},
  TITLE = {Roles of local and national energy systems in the integration of renewable energy},
  VOLUME = {183},
}

@BOOK{tsybakov2008introduction,
  AUTHOR = {Tsybakov, Alexandre B},
  PUBLISHER = {Springer Science \& Business Media},
  DATE = {2008},
  TITLE = {Introduction to nonparametric estimation},
}

@ARTICLE{vittal2009steady,
  AUTHOR = {Vittal, Eknath and O'Malley, Mark and Keane, Andrew},
  PUBLISHER = {IEEE},
  DATE = {2009},
  JOURNALTITLE = {IEEE Tr. on Power Systems},
  NUMBER = {1},
  PAGES = {433--442},
  TITLE = {A steady-state voltage stability analysis of power systems with high penetrations of wind},
  VOLUME = {25},
}

@ARTICLE{wachter2006implementation,
  AUTHOR = {Wächter, Andreas and Biegler, Lorenz T.},
  URL = {https://doi.org/10.1007/s10107-004-0559-y},
  DATE = {2006},
  DOI = {10.1007/S10107-004-0559-Y},
  JOURNALTITLE = {Math. Program.},
  NUMBER = {1},
  PAGES = {25--57},
  TITLE = {On the implementation of an interior-point filter line-search algorithm for large-scale nonlinear programming},
  VOLUME = {106},
}

@ARTICLE{wang2010probabilistic,
  AUTHOR = {Wang, Min and Ding, Ming},
  PUBLISHER = {Automation of Electric Power Systems Press, P. O. Box 323 Nanjing 210003~…},
  DATE = {2010},
  JOURNALTITLE = {Automation of Electric Power Systems},
  NUMBER = {7},
  PAGES = {31--35},
  TITLE = {Probabilistic calculation of total transfer capability including large-scale solar park},
  VOLUME = {34},
}

@ARTICLE{wilhelm2010tmvtnorm,
  AUTHOR = {Wilhelm, Stefan and Manjunath, B. G.},
  URL = {https://doi.org/10.32614/rj-2010-005},
  DATE = {2010},
  DOI = {10.32614/RJ-2010-005},
  JOURNALTITLE = {R J.},
  NUMBER = {1},
  PAGES = {25},
  TITLE = {tmvtnorm: {A} Package for the Truncated Multivariate Normal Distribution},
  VOLUME = {2},
}

@THESIS{williamson1989probabilistic,
  AUTHOR = {Williamson, Robert Charles and others},
  INSTITUTION = {University of Queensland Brisbane},
  DATE = {1989},
  TITLE = {Probabilistic arithmetic},
  TYPE = {phdthesis},
}

@BOOK{wood2013power,
  AUTHOR = {Wood, Allen J and Wollenberg, Bruce F and Sheblé, Gerald B},
  PUBLISHER = {John Wiley \& Sons},
  DATE = {2013},
  TITLE = {Power generation, operation, and control},
}

@INPROCEEDINGS{xu2017real,
  AUTHOR = {Xu, Fan and Gao, Zonghe and Ding, Qia and Tu, Mengfu},
  ORGANIZATION = {IEEE},
  BOOKTITLE = {2017 IEEE EI2 Conference},
  DATE = {2017},
  PAGES = {1--6},
  TITLE = {The real time generation scheduling model considering automatic generation control},
}

@ARTICLE{yaari1965uncertain,
  AUTHOR = {Yaari, Menahem E},
  PUBLISHER = {Wiley-Blackwell},
  DATE = {1965},
  JOURNALTITLE = {The Review of Economic Studies},
  NUMBER = {2},
  PAGES = {137--150},
  TITLE = {Uncertain lifetime, life insurance, and the theory of the consumer},
  VOLUME = {32},
}

@ARTICLE{yu2009probabilistic,
  AUTHOR = {Yu, Han and Chung, CY and Wong, KP and Lee, HW and Zhang, JH},
  PUBLISHER = {IEEE},
  DATE = {2009},
  JOURNALTITLE = {IEEE Tr. on Power Systems},
  NUMBER = {2},
  PAGES = {661--667},
  TITLE = {Probabilistic load flow evaluation with hybrid latin hypercube sampling and cholesky decomposition},
  VOLUME = {24},
}

@ARTICLE{zhang2017data,
  AUTHOR = {Zhang, Senlin and Wang, Yixing and Liu, Meiqin and Bao, Zhejing},
  URL = {https://doi.org/10.1109/ACCESS.2017.2785763},
  DATE = {2018},
  DOI = {10.1109/ACCESS.2017.2785763},
  JOURNALTITLE = {{IEEE} Access},
  PAGES = {7675--7686},
  TITLE = {Data-Based Line Trip Fault Prediction in Power Systems Using {LSTM} Networks and {SVM}},
  VOLUME = {6},
}

@MISC{zhang2021properties,
  AUTHOR = {Zhang, Yufeng and Liu, Wanwei and Chen, Zhenbang and Li, Kenli and Wang, Ji},
  DATE = {2021},
  EPRINT = {2102.05485},
  EPRINTCLASS = {cs.IT},
  EPRINTTYPE = {arXiv},
  TITLE = {On the Properties of Kullback-Leibler Divergence Between Gaussians},
}

@ARTICLE{zhou2019wind,
  AUTHOR = {Zhou, Bowen and Ma, Xiangjin and Luo, Yanhong and Yang, Dongsheng},
  URL = {https://doi.org/10.1109/ACCESS.2019.2952555},
  DATE = {2019},
  DOI = {10.1109/ACCESS.2019.2952555},
  JOURNALTITLE = {{IEEE} Access},
  PAGES = {165279--165292},
  TITLE = {Wind Power Prediction Based on {LSTM} Networks and Nonparametric Kernel Density Estimation},
  VOLUME = {7},
}

@ARTICLE{zhuravlev1999discrete,
  AUTHOR = {Zhuravlev, Yu I and Flerov, Yu A},
  DATE = {1999},
  JOURNALTITLE = {Student’s Book},
  TITLE = {Discrete analysis},
}

@ARTICLE{zimmerman2010matpower,
  AUTHOR = {Zimmerman, Ray Daniel and Murillo-Sánchez, Carlos Edmundo and Thomas, Robert John},
  DATE = {2010},
  JOURNALTITLE = {IEEE Tr. on power systems},
  NUMBER = {1},
  PAGES = {12--19},
  TITLE = {MATPOWER: Steady-state operations, planning, and analysis tools for power systems research and education},
  VOLUME = {26},
}

@COMMENT{article{lukashevich2023importance, title={Importance Sampling Approach for Dynamic Stochastic Optimal Power Flow Control}, author={Lukashevich, Aleksander and Bulkin, Aleksander and Grinis, Roland and Makarov, Ilya and Maximov, Yury}, journal={arXiv preprint arXiv:2310.02509}, year={2023} }}
